@article{petros2009specificity,
  title={Specificity and sufficiency of EphB1 in driving the ipsilateral retinal projection},
  author={Petros, Timothy J and Shrestha, Brikha R and Mason, Carol},
  journal={The Journal of Neuroscience},
  volume={29},
  number={11},
  pages={3463--3474},
  year={2009},
  publisher={Soc Neuroscience}
}
