@article{aboitiz1992fiber,
  title={Fiber composition of the human corpus callosum},
  author={Aboitiz, Francisco and Scheibel, Arnold B and Fisher, Robin S and Zaidel, Eran},
  journal={Brain research},
  volume={598},
  number={1},
  pages={143--153},
  year={1992},
  publisher={Elsevier}
}
