@article{ackman2014role,
  title={Role of emergent neural activity in visual map development},
  author={Ackman, James B and Crair, Michael C},
  journal={Current opinion in neurobiology},
  volume={24},
  pages={166--175},
  year={2014},
  publisher={Elsevier}
}
