@article{adams1997complexities,
  title={Complexities in the thalamocortical and corticothalamic pathways},
  author={Adams, Niels C and Lozs{\'a}di, Dora A and Guillery, RW},
  journal={European Journal of Neuroscience},
  volume={9},
  number={2},
  pages={204--209},
  year={1997},
  publisher={Wiley Online Library}
}
