@article{aebersold1981representation,
  title={Representation of the visual field in the optic tract and optic chiasma of the cat},
  author={Aebersold, H and Creutzfeldt, OD and Kuhnt, U and Sanides, D},
  journal={Experimental brain research},
  volume={42},
  number={2},
  pages={127--145},
  year={1981},
  publisher={Springer}
}
