@article{akiyama2016cyclic,
  title={Cyclic Nucleotide Control of Microtubule Dynamics for Axon Guidance},
  author={Akiyama, Hiroki and Fukuda, Tetsuko and Tojima, Takuro and Nikolaev, Viacheslav O and Kamiguchi, Hiroyuki},
  journal={The Journal of Neuroscience},
  volume={36},
  number={20},
  pages={5636--5649},
  year={2016},
  publisher={Soc Neuroscience}
}
