@article{allen2012coordinated,
  title={Coordinated Eph-ephrin signaling guides migration and axon targeting in the avian auditory system},
  author={Allen-Sharpley, Michelle R and Cramer, Karina S},
  journal={Neural Dev},
  volume={7},
  number={29},
  pages={8104--7},
  year={2012}
}
