@article{allen2005signaling,
  title={Signaling between glia and neurons: focus on synaptic plasticity},
  author={Allen, Nicola J and Barres, Ben A},
  journal={Current opinion in neurobiology},
  volume={15},
  number={5},
  pages={542--548},
  year={2005},
  publisher={Elsevier}
}
