@article{allen2013differential,
  title={Differential roles for EphA and EphB signaling in segregation and patterning of central vestibulocochlear nerve projections},
  author={Allen-Sharpley, Michelle R and Tjia, Michelle and Cramer, Karina S},
  journal={PloS one},
  volume={8},
  number={10},
  pages={e78658},
  year={2013},
  publisher={Public Library of Science}
}
