@article{alther2016calsyntenin1,
  title={Calsyntenin1-mediated trafficking of axon guidance receptors regulates the switch in axonal responsiveness at a choice point},
  author={Alther, Tobias A and Domanitskaya, Elena and Stoeckli, Esther T},
  journal={Development},
  pages={dev--127449},
  year={2016},
  publisher={Oxford University Press for The Company of Biologists Limited}
}
