@article{alther2016calsyntenin,
  title={Calsyntenin 1-mediated trafficking of axon guidance receptors regulates the switch in axonal responsiveness at a choice point},
  author={Alther, Tobias A and Domanitskaya, Elena and Stoeckli, Esther T},
  journal={Development},
  volume={143},
  number={6},
  pages={994--1004},
  year={2016},
  publisher={Oxford University Press for The Company of Biologists Limited}
}
