@article{aoki2013possible,
  title={Possible roles of robo1+ ensheathing cells in guiding dorsal-zone olfactory sensory neurons in mouse},
  author={Aoki, Mari and Takeuchi, Haruki and Nakashima, Ai and Nishizumi, Hirofumi and Sakano, Hitoshi},
  journal={Developmental neurobiology},
  volume={73},
  number={11},
  pages={828--840},
  year={2013},
  publisher={Wiley Online Library}
}
