@article{appler2011connecting,
  title={Connecting the ear to the brain: Molecular mechanisms of auditory circuit assembly},
  author={Appler, Jessica M and Goodrich, Lisa V},
  journal={Progress in neurobiology},
  volume={93},
  number={4},
  pages={488--508},
  year={2011},
  publisher={Elsevier}
}
