@article{arganda20103d,
  title={3D reconstruction of histological sections: Application to mammary gland tissue},
  author={Arganda-Carreras, Ignacio and Fern{\'a}ndez-Gonz{\'a}lez, Rodrigo and Mu{\~n}oz-Barrutia, Arrate and Ortiz-De-Solorzano, Carlos},
  journal={Microscopy research and technique},
  volume={73},
  number={11},
  pages={1019--1029},
  year={2010},
  publisher={Wiley Online Library}
}
