@article{arlotta2015generating,
  title={Generating Neuronal Diversity in the Mammalian Cerebral Cortex},
  author={Arlotta, Paola},
  journal={Annual Review of Cell and Developmental Biology},
  volume={31},
  number={1},
  year={2015},
  publisher={Annual Reviews 4139 El Camino Way, PO Box 10139, Palo Alto, California 94303-0139, USA}
}
