@inproceedings{assali2014activity,
  title={Activity dependent mechanisms of visual map formation-From retinal waves to molecular regulators},
  author={Assali, Ahlem and Gaspar, Patricia and Rebsam, Alexandra},
  booktitle={Seminars in cell \& developmental biology},
  volume={35},
  pages={136--146},
  year={2014},
  organization={Elsevier}
}
