@article{assens2016alteration,
  title={Alteration of Nrp1 signaling at different stages of olfactory neuron maturation promotes glomerular shifts along distinct axes in the olfactory bulb},
  author={Assens, Alexis and Dal Col, Julien and Njoku, Anthony and Dietschi, Quentin and Kan, Chenda and Feinstein, Paul and Carleton, Alan and Rodriguez, Ivan},
  journal={Development},
  pages={dev--138941},
  year={2016},
  publisher={Oxford University Press for The Company of Biologists Limited}
}
