@article{attardi1963preferential,
  title={Preferential selection of central pathways by regenerating optic fibers},
  author={Attardi, Domenica G and Sperry, RW},
  journal={Experimental neurology},
  volume={7},
  number={1},
  pages={46--64},
  year={1963},
  publisher={Elsevier}
}
