@article{averaimo2016plasma,
  title={A plasma membrane microdomain compartmentalizes ephrin-generated cAMP signals to prune developing retinal axon arbors},
  author={Averaimo, Stefania and Assali, Ahlem and Ros, Oriol and Couvet, Sandrine and Zagar, Yvrick and Genescu, Ioana and Rebsam, Alexandra and Nicol, Xavier},
  journal={Nature communications},
  volume={7},
  pages={12896},
  year={2016},
  publisher={Nature Publishing Group}
}
