@article{aviles2015canonical,
  title={Canonical wnt signaling is required for commissural axon guidance},
  author={Avil{\'e}s, Evelyn C and Stoeckli, Esther T},
  journal={Developmental neurobiology},
  year={2015},
  publisher={Wiley Online Library}
}
