@article{bach2004fiber,
  title={Fiber order of the normal and regenerated optic tract of the frog (Rana pipiens)},
  author={Bach, Helene and Arango, Victoria and Feldheim, David and Flanagan, John G and Scalia, Frank},
  journal={Journal of Comparative Neurology},
  volume={477},
  number={1},
  pages={43--54},
  year={2004},
  publisher={Wiley Online Library}
}
