@article{baden2016functional,
  title={The functional diversity of retinal ganglion cells in the mouse},
  author={Baden, Tom and Berens, Philipp and Franke, Katrin and Ros{\'o}n, Miroslav Rom{\'a}n and Bethge, Matthias and Euler, Thomas},
  journal={Nature},
  year={2016},
  publisher={Nature Publishing Group}
}
