@article{badia2010topographical,
  title={Topographical distribution of motor fascicles in the sciatic-tibial nerve of the rat},
  author={Badia, Jordi and Pascual-Font, Ar{\'a}n and Viv{\'o}, Meritxell and Udina, Esther and Navarro, Xavier},
  journal={Muscle \& nerve},
  volume={42},
  number={2},
  pages={192--201},
  year={2010},
  publisher={Wiley Online Library}
}
