@article{bagnard2001axonal,
  title={Axonal surface molecules act in combination with semaphorin 3a during the establishment of corticothalamic projections},
  author={Bagnard, Dominique and Chounlamountri, Naura and P{\"u}schel, Andreas W and Bolz, J{\"u}rgen},
  journal={Cerebral Cortex},
  volume={11},
  number={3},
  pages={278--285},
  year={2001},
  publisher={Oxford Univ Press}
}
