@article{bagri2002slit,
  title={Slit proteins prevent midline crossing and determine the dorsoventral position of major axonal pathways in the mammalian forebrain},
  author={Bagri, Anil and Mar{\i}ÃÅn, Oscar and Plump, Andrew S and Mak, Judy and Pleasure, Samuel J and Rubenstein, John LR and Tessier-Lavigne, Marc},
  journal={Neuron},
  volume={33},
  number={2},
  pages={233--248},
  year={2002},
  publisher={Elsevier}
}
