@article{bak2003axon,
  title={Axon fasciculation and differences in midline kinetics between pioneer and follower axons within commissural fascicles},
  author={Bak, Magdalena and Fraser, Scott E},
  journal={Development},
  volume={130},
  number={20},
  pages={4999--5008},
  year={2003},
  publisher={The Company of Biologists Ltd}
}
