@article{baker1990prechiasmatic,
  title={Prechiasmatic reordering of fibre diameter classes in the retinofugal pathway of ferrets},
  author={Baker, GE},
  journal={European Journal of Neuroscience},
  volume={2},
  number={1},
  pages={24--33},
  year={1990},
  publisher={Wiley Online Library}
}
