@article{baker1989distribution,
  title={Distribution of uncrossed axons along the course of the optic nerve and chiasm of rodents},
  author={Baker, GE and Jeffery, Glen},
  journal={Journal of Comparative Neurology},
  volume={289},
  number={3},
  pages={455--461},
  year={1989},
  publisher={Wiley Online Library}
}
