@article{barnard1956study,
  title={A study of localization in the corticospinal tracts of monkey and rat},
  author={Barnard, John W and Woolsey, Clinton N},
  journal={Journal of Comparative Neurology},
  volume={105},
  number={1},
  pages={25--50},
  year={1956},
  publisher={Wiley Online Library}
}
