@article{barresi2005hedgehog,
  title={Hedgehog regulated Slit expression determines commissure and glial cell position in the zebrafish forebrain},
  author={Barresi, Michael JF and Hutson, Lara D and Chien, Chi-Bin and Karlstrom, Rolf O},
  journal={Development},
  volume={132},
  number={16},
  pages={3643--3656},
  year={2005},
  publisher={The Company of Biologists Ltd}
}
