@article{barry2013spatial,
  title={The spatial and temporal arrangement of the radial glial scaffold suggests a role in axon tract formation in the developing spinal cord},
  author={Barry, Denis S and Pakan, Janelle MP and O'Keeffe, Gerard W and McDermott, Kieran W},
  journal={Journal of anatomy},
  volume={222},
  number={2},
  pages={203--213},
  year={2013},
  publisher={Wiley Online Library}
}
