@article{barres1988immunological,
  title={Immunological, morphological, and electrophysiological variation among retinal ganglion cells purified by panning},
  author={Barres, Barbara A and Silverstein, Bruce E and Corey, David P and Chun, Linda LY},
  journal={Neuron},
  volume={1},
  number={9},
  pages={791--803},
  year={1988},
  publisher={Elsevier}
}
