@article{barry2010polarized,
  title={Polarized targeting of L1-CAM regulates axonal and dendritic bundling in vitro},
  author={Barry, Joshua and Gu, Yuanzheng and Gu, Chen},
  journal={European Journal of Neuroscience},
  volume={32},
  number={10},
  pages={1618--1631},
  year={2010},
  publisher={Wiley Online Library}
}
