@article{bashaw2010signaling,
  title={Signaling from axon guidance receptors},
  author={Bashaw, Greg J and Klein, R{\"u}diger},
  journal={Cold Spring Harbor perspectives in biology},
  volume={2},
  number={5},
  pages={a001941},
  year={2010},
  publisher={Cold Spring Harbor Lab}
}
