@article{bate1976pioneer,
  title={Pioneer neurones in an insect embryo},
  author={Bate, CM},
  year={1976},
  publisher={Nature Publishing Group}
}
