@article{bayraktar2015astrocyte,
  title={Astrocyte development and heterogeneity},
  author={Bayraktar, Omer Ali and Fuentealba, Luis C and Alvarez-Buylla, Arturo and Rowitch, David H},
  journal={Cold Spring Harbor perspectives in biology},
  volume={7},
  number={1},
  pages={a020362},
  year={2015},
  publisher={Cold Spring Harbor Lab}
}
