@article{benjumeda2013uncoupling,
  title={Uncoupling of EphA/ephrinA signaling and spontaneous activity in neural circuit wiring},
  author={Benjumeda, Isabel and Escalante, Augusto and Law, Chris and Morales, Daniel and Chauvin, Geraud and Mu{\c{c}}a, Gerald and Coca, Yaiza and M{\'a}rquez, Joaqu{\'\i}n and L{\'o}pez-Bendito, Guillermina and Kania, Artur and others},
  journal={The Journal of Neuroscience},
  volume={33},
  number={46},
  pages={18208--18218},
  year={2013},
  publisher={Soc Neuroscience}
}
