@article{bergeron2011brother,
  title={Brother of cdo (umleitung) is cell-autonomously required for Hedgehog-mediated ventral CNS patterning in the zebrafish},
  author={Bergeron, Sadie A and Tyurina, Oksana V and Miller, Emily and Bagas, Andrea and Karlstrom, Rolf O},
  journal={Development},
  volume={138},
  number={1},
  pages={75--85},
  year={2011},
  publisher={Oxford University Press for The Company of Biologists Limited}
}
