@article{bernardo1987axonal,
  title={Axonal trajectories between mouse somatosensory thalamus and cortex},
  author={Bernardo, Kerry L and Woolsey, Thomas A},
  journal={Journal of Comparative Neurology},
  volume={258},
  number={4},
  pages={542--564},
  year={1987},
  publisher={Wiley Online Library}
}
