@article{bernhardt1989axonal,
  title={Axonal pathfinding during the regeneration of the goldfish optic pathway},
  author={Bernhardt, Robert},
  journal={Journal of Comparative Neurology},
  volume={284},
  number={1},
  pages={119--134},
  year={1989},
  publisher={Wiley Online Library}
}
