@article{bhansali2014delayed,
  title={Delayed neurogenesis leads to altered specification of ventrotemporal retinal ganglion cells in albino mice},
  author={Bhansali, Punita and Rayport, Ilana and Rebsam, Alexandra and Mason, Carol},
  journal={Neural development},
  volume={9},
  number={1},
  pages={1},
  year={2014},
  publisher={BioMed Central}
}
