@article{bielle2011emergent,
  title={Emergent growth cone responses to combinations of Slit1 and Netrin 1 in thalamocortical axon topography},
  author={Bielle, Franck and Marcos-Mond{\'e}jar, Paula and Leyva-D{\'\i}az, Eduardo and Lokmane, Ludmilla and Mire, Erik and Mailhes, Caroline and Keita, Maryama and Garc{\'\i}a, Noelia and Tessier-Lavigne, Marc and Garel, Sonia and others},
  journal={Current Biology},
  volume={21},
  number={20},
  pages={1748--1755},
  year={2011},
  publisher={Elsevier}
}
