@article{bielle2011slit2,
  title={Slit2 activity in the migration of guidepost neurons shapes thalamic projections during development and evolution},
  author={Bielle, Franck and Marcos-Mondejar, Paula and Keita, Maryama and Mailhes, Caroline and Verney, Catherine and Nguyen Ba-Charvet, Kim and Tessier-Lavigne, Marc and Lopez-Bendito, Guillermina and Garel, Sonia},
  journal={Neuron},
  volume={69},
  number={6},
  pages={1085--1098},
  year={2011},
  publisher={Elsevier}
}
