@article{birgbauer2000kinase,
  title={Kinase independent function of EphB receptors in retinal axon pathfinding to the optic disc from dorsal but not ventral retina},
  author={Birgbauer, Eric and Cowan, Chad A and Sretavan, David W and Henkemeyer, Mark},
  journal={Development},
  volume={127},
  number={6},
  pages={1231--1241},
  year={2000},
  publisher={The Company of Biologists Limited}
}
