@article{birgbauer2001retinal,
  title={Retinal axon growth cones respond to EphB extracellular domains as inhibitory axon guidance cues},
  author={Birgbauer, Eric and Oster, Stephen F and Severin, Christophe G and Sretavan, David W},
  journal={Development},
  volume={128},
  number={15},
  pages={3041--3048},
  year={2001},
  publisher={The Company of Biologists Limited}
}
