@article{blackshaw2004genomic,
  title={Genomic analysis of mouse retinal development},
  author={Blackshaw, Seth and Harpavat, Sanjiv and Trimarchi, Jeff and Cai, Li and Huang, Haiyan and Kuo, Winston P and Weber, Griffin and Lee, Kyungjoon and Fraioli, Rebecca E and Cho, Seo-Hee and others},
  journal={PLoS biology},
  volume={2},
  number={9},
  pages={e247},
  year={2004},
  publisher={Public Library of Science}
}
