@article{blank2011down,
  title={The Down syndrome critical region regulates retinogeniculate refinement},
  author={Blank, Martina and Fuerst, Peter G and Stevens, Beth and Nouri, Navid and Kirkby, Lowry and Warrier, Deepti and Barres, Ben A and Feller, Marla B and Huberman, Andrew D and Burgess, Robert W and others},
  journal={The Journal of Neuroscience},
  volume={31},
  number={15},
  pages={5764--5776},
  year={2011},
  publisher={Soc Neuroscience}
}
