@article{blockus2016slit,
  title={Slit-Robo signaling},
  author={Blockus, Heike and Ch{\'e}dotal, Alain},
  journal={Development},
  volume={143},
  number={17},
  pages={3037--3044},
  year={2016},
  publisher={Oxford University Press for The Company of Biologists Limited}
}
