@article{bonanomi2010motor,
  title={Motor axon pathfinding},
  author={Bonanomi, Dario and Pfaff, Samuel L},
  journal={Cold Spring Harbor perspectives in biology},
  volume={2},
  number={3},
  pages={a001735},
  year={2010},
  publisher={Cold Spring Harbor Lab}
}
