@article{bonhoeffer1985position,
  title={Position-dependent properties of retinal axons and their growth cones},
  author={Bonhoeffer, Friedrich and Huf, Julita},
  journal={Nature},
  volume={315},
  number={6018},
  pages={409--410},
  year={1985},
  publisher={Nature Publishing Group}
}
