@article{borrell2007reelin,
  title={Reelin and mDab1 regulate the development of hippocampal connections},
  author={Borrell, Victor and Pujadas, Llu{\'\i}s and Sim{\'o}, Sergi and Dur{\`a}, David and Sol{\'e}, Marta and Cooper, Jonathan A and Del R{\'\i}o, Jose A and Soriano, Eduardo},
  journal={Molecular and Cellular Neuroscience},
  volume={36},
  number={2},
  pages={158--173},
  year={2007},
  publisher={Elsevier}
}
