@article{bossing2002dephrin,
  title={Dephrin, a transmembrane ephrin with a unique structure, prevents interneuronal axons from exiting the Drosophila embryonic CNS},
  author={Bossing, Torsten and Brand, Andrea H},
  journal={Development},
  volume={129},
  number={18},
  pages={4205--4218},
  year={2002},
  publisher={The Company of Biologists Ltd}
}
