@article{boyd2003olfactory,
  title={Olfactory ensheathing cells: historical perspective and therapeutic potential},
  author={Boyd, JG and Skihar, V and Kawaja, M and Doucette, R},
  journal={The Anatomical Record Part B: The New Anatomist},
  volume={271},
  number={1},
  pages={49--60},
  year={2003},
  publisher={Wiley Online Library}
}
