@article{bozza2009mapping,
  title={Mapping of class I and class II odorant receptors to glomerular domains by two distinct types of olfactory sensory neurons in the mouse},
  author={Bozza, Thomas and Vassalli, Anne and Fuss, Stefan and Zhang, Jing-Ji and Weiland, Brian and Pacifico, Rodrigo and Feinstein, Paul and Mombaerts, Peter},
  journal={Neuron},
  volume={61},
  number={2},
  pages={220--233},
  year={2009},
  publisher={Elsevier}
}
