@article{bradford2011zfin,
  title={ZFIN: enhancements and updates to the Zebrafish Model Organism Database},
  author={Bradford, Yvonne and Conlin, Tom and Dunn, Nathan and Fashena, David and Frazer, Ken and Howe, Douglas G and Knight, Jonathan and Mani, Prita and Martin, Ryan and Moxon, Sierra AT and others},
  journal={Nucleic acids research},
  volume={39},
  number={suppl 1},
  pages={D822--D829},
  year={2011},
  publisher={Oxford Univ Press}
}
