@article{brown2000topographic,
  title={Topographic mapping from the retina to the midbrain is controlled by relative but not absolute levels of EphA receptor signaling},
  author={Brown, Arthur and Yates, Paul A and Burrola, Patrick and Ortu{\~n}o, Dan and Vaidya, Ashish and Jessell, Thomas M and Pfaff, Samuel L and O'Leary, Dennis DM and Lemke, Greg},
  journal={Cell},
  volume={102},
  number={1},
  pages={77--88},
  year={2000},
  publisher={Elsevier}
}
