@article{buck1991novel,
  title={A novel multigene family may encode odorant receptors: a molecular basis for odor recognition},
  author={Buck, Linda and Axel, Richard},
  journal={Cell},
  volume={65},
  number={1},
  pages={175--187},
  year={1991},
  publisher={Elsevier}
}
