@article{bulfone1998olfactory,
  title={An olfactory sensory map develops in the absence of normal projection neurons or GABAergic interneurons},
  author={Bulfone, Alessandro and Wang, Fan and Hevner, Robert and Anderson, Stewart and Cutforth, Tyler and Chen, Sandy and Meneses, Juanito and Pedersen, Roger and Axel, Richard and Rubenstein, John LR},
  journal={Neuron},
  volume={21},
  number={6},
  pages={1273--1282},
  year={1998},
  publisher={Elsevier}
}
