@article{bulow2006molecular,
  title={The molecular diversity of glycosaminoglycans shapes animal development},
  author={B{\"u}low, Hannes E and Hobert, Oliver},
  journal={Annu. Rev. Cell Dev. Biol.},
  volume={22},
  pages={375--407},
  year={2006},
  publisher={Annual Reviews}
}
