@article{bulow2004differential,
  title={Differential sulfations and epimerization define heparan sulfate specificity in nervous system development},
  author={B{\"u}low, Hannes E and Hobert, Oliver},
  journal={Neuron},
  volume={41},
  number={5},
  pages={723--736},
  year={2004},
  publisher={Elsevier}
}
