@article{bulow2004differential,
  title={Differential Functions of the< i> C. elegans</i> FGF Receptor in Axon Outgrowth and Maintenance of Axon Position},
  author={B{\"u}low, Hannes E and Boulin, Thomas and Hobert, Oliver},
  journal={Neuron},
  volume={42},
  number={3},
  pages={367--374},
  year={2004},
  publisher={Elsevier}
}
