@article{bulow2008extracellular,
  title={Extracellular sugar modifications provide instructive and cell-specific information for axon-guidance choices},
  author={B{\"u}low, Hannes E and Tjoe, Nartono and Townley, Robert A and Didiano, Dominic and van Kuppevelt, Toin H and Hobert, Oliver},
  journal={Current Biology},
  volume={18},
  number={24},
  pages={1978--1985},
  year={2008},
  publisher={Elsevier}
}
