@article{bunt1982retinotopic,
  title={Retinotopic and temporal organization of the optic nerve and tracts in the adult goldfish},
  author={Bunt, Stuart M},
  journal={Journal of Comparative Neurology},
  volume={206},
  number={3},
  pages={209--226},
  year={1982},
  publisher={Wiley Online Library}
}
