@article{bunt1983evidence,
  title={Evidence for an orderly arrangement of optic axons within the optic nerves of the major nonmammalian vertebrate classes},
  author={Bunt, Stuart M and Horder, TJ},
  journal={Journal of Comparative Neurology},
  volume={213},
  number={1},
  pages={94--114},
  year={1983},
  publisher={Wiley Online Library}
}
