@article{burrill1994development,
  title={Development of the retinofugal projections in the embryonic and larval zebrafish (Brachydanio rerio)},
  author={Burrill, John D and Easter, Stephen S},
  journal={Journal of Comparative Neurology},
  volume={346},
  number={4},
  pages={583--600},
  year={1994},
  publisher={Wiley Online Library}
}
