@article{caminiti2013diameter,
  title={Diameter, length, speed, and conduction delay of callosal axons in macaque monkeys and humans: comparing data from histology and magnetic resonance imaging diffusion tractography},
  author={Caminiti, Roberto and Carducci, Filippo and Piervincenzi, Claudia and Battaglia-Mayer, Alexandra and Confalone, Giuseppina and Visco-Comandini, Federica and Pantano, Patrizia and Innocenti, Giorgio M},
  journal={The Journal of Neuroscience},
  volume={33},
  number={36},
  pages={14501--14511},
  year={2013},
  publisher={Soc Neuroscience}
}
