@article{campbell2001semaphorin,
  title={Semaphorin 3A elicits stage-dependent collapse, turning, and branching in Xenopus retinal growth cones},
  author={Campbell, Douglas S and Regan, Aoife G and Lopez, Juanita S and Tannahill, David and Harris, William A and Holt, Christine E},
  journal={The Journal of Neuroscience},
  volume={21},
  number={21},
  pages={8538--8547},
  year={2001},
  publisher={Soc Neuroscience}
}
