@article{cang2013developmental,
  title={Developmental mechanisms of topographic map formation and alignment},
  author={Cang, Jianhua and Feldheim, David A},
  journal={Annual review of neuroscience},
  volume={36},
  pages={51--77},
  year={2013},
  publisher={Annual Reviews}
}
