@article{carreras2014virtual,
  title={Virtual Tissue Engineering and Optic Pathways: Plotting the Course of the Axons in the Retinal Nerve Fiber Layer},
  author={Carreras, Francisco Javier and Medina, Javier and Ruiz-Lozano, Mariola and Carreras, Ignacio and Castro, Juan Luis},
  journal={Investigative ophthalmology \& visual science},
  volume={55},
  number={5},
  pages={3107--3119},
  year={2014},
  publisher={ARVO}
}
