@article{carvalho2006silencing,
  title={Silencing of EphA3 through a cis interaction with ephrinA5},
  author={Carvalho, Ricardo F and Beutler, Martin and Marler, Katharine JM and Kn{\"o}ll, Bernd and Becker-Barroso, Elena and Heintzmann, R and Ng, Tony and Drescher, Uwe},
  journal={Nature neuroscience},
  volume={9},
  number={3},
  pages={322--330},
  year={2006},
  publisher={Nature Publishing Group}
}
