@article{catalano1998many,
  title={Many major CNS axon projections develop normally in the absence of semaphorin III},
  author={Catalano, Susan M and Messersmith, Elizabeth K and Goodman, Corey S and Shatz, Carla J and Ch{\'e}dotal, Alain},
  journal={Molecular and Cellular Neuroscience},
  volume={11},
  number={4},
  pages={173--182},
  year={1998},
  publisher={Elsevier}
}
