@article{catela2015assembly,
  title={Assembly and Function of Spinal Circuits for Motor Control.},
  author={Catela, Catarina and Shin, Maggie M and Dasen, Jeremy S},
  journal={Annual review of cell and developmental biology},
  volume={31},
  pages={669},
  year={2015}
}
