@article{cate2016mushroom,
  title={Mushroom body defect is required in parallel to Netrin for midline axon guidance in Drosophila},
  author={Cate, Marie-Sophie and Gajendra, Sangeetha and Alsbury, Samantha and Raabe, Thomas and Tear, Guy and Mitchell, Kevin J},
  journal={Development},
  volume={143},
  number={6},
  pages={972--977},
  year={2016},
  publisher={Oxford University Press for The Company of Biologists Limited}
}
