@article{cavalcante1978postnatal,
  title={Postnatal development of retinogeniculate, retino-pretectal and retinotectal projections in the opossum},
  author={Cavalcante, Leny Alves and Rocha-Miranda, Carlos Eduardo},
  journal={Brain Research},
  volume={146},
  number={2},
  pages={231--248},
  year={1978},
  publisher={Elsevier}
}
