@article{caviness1980tangential,
  title={Tangential organization of thalamic projections to the neocortex in the mouse},
  author={Caviness, Verne S and Frost, Douglas O},
  journal={Journal of Comparative Neurology},
  volume={194},
  number={2},
  pages={335--367},
  year={1980},
  publisher={Wiley Online Library}
}
