@article{chaboub2012developmental,
  title={Developmental origins of astrocyte heterogeneity: the final frontier of CNS development},
  author={Chaboub, Lesley S and Deneen, Benjamin},
  journal={Developmental neuroscience},
  volume={34},
  number={5},
  pages={379--388},
  year={2012},
  publisher={Karger Publishers}
}
