@article{chan1999changes,
  title={Changes in axon arrangement in the retinofugal [correction of retinofungal] pathway of mouse embryos: confocal microscopy study using single-and double-dye label.},
  author={Chan, SO and Chung, KY},
  journal={The Journal of comparative neurology},
  volume={406},
  number={2},
  pages={251},
  year={1999}
}
