@article{chang1987extension,
  title={Extension of neurites on axons is impaired by antibodies against specific neural cell surface glycoproteins.},
  author={Chang, Susannah and Rathjen, Fritz G and Raper, Jonathan A},
  journal={The Journal of cell biology},
  volume={104},
  number={2},
  pages={355--362},
  year={1987},
  publisher={Rockefeller Univ Press}
}
