@article{chan1994changes,
  title={Changes in fiber order in the optic nerve and tract of rat embryos},
  author={Chan, SO and Guillery, RW},
  journal={Journal of Comparative Neurology},
  volume={344},
  number={1},
  pages={20--32},
  year={1994},
  publisher={Wiley Online Library}
}
