@article{charles2002neurofascin,
  title={Neurofascin is a glial receptor for the paranodin/Caspr-contactin axonal complex at the axoglial junction},
  author={Charles, Perrine and Tait, Steven and Faivre-Sarrailh, Catherine and Barbin, Gilles and Gunn-Moore, Frank and Denisenko-Nehrbass, Natalia and Guennoc, Anne-Marie and Girault, Jean-Antoine and Brophy, Peter J and Lubetzki, Catherine},
  journal={Current Biology},
  volume={12},
  number={3},
  pages={217--220},
  year={2002},
  publisher={Elsevier}
}
