@article{charron2003morphogen,
  title={The morphogen sonic hedgehog is an axonal chemoattractant that collaborates with netrin-1 in midline axon guidance},
  author={Charron, Fr{\'e}d{\'e}ric and Stein, Elke and Jeong, Juhee and McMahon, Andrew P and Tessier-Lavigne, Marc},
  journal={Cell},
  volume={113},
  number={1},
  pages={11--23},
  year={2003},
  publisher={Elsevier}
}
