@article{chatzopoulou2008structural,
  title={Structural requirement of TAG-1 for retinal ganglion cell axons and myelin in the mouse optic nerve},
  author={Chatzopoulou, Elli and Miguez, Andr{\'e}s and Savvaki, Maria and Levasseur, Gr{\'e}goire and Muzerelle, Aude and Muriel, Marie-Paule and Goureau, Olivier and Watanabe, Kazutada and Goutebroze, Laurence and Gaspar, Patricia and others},
  journal={The Journal of Neuroscience},
  volume={28},
  number={30},
  pages={7624--7636},
  year={2008},
  publisher={Soc Neuroscience}
}
