@article{chen2008cadherin,
  title={The Cadherin Flamingo Mediates Level-Dependent Interactions that Guide Photoreceptor Target Choice in< i> Drosophila</i>},
  author={Chen, Pei-Ling and Clandinin, Thomas R},
  journal={Neuron},
  volume={58},
  number={1},
  pages={26--33},
  year={2008},
  publisher={Elsevier}
}
