@article{chen2015disruption,
  title={Disruption of transient serotonin accumulation by non-serotonin-producing neurons impairs cortical map development},
  author={Chen, Xiaoning and Ye, Ran and Gargus, J Jay and Blakely, Randy D and Dobrenis, Kostantin and Sze, Ji Ying},
  journal={Cell reports},
  volume={10},
  number={3},
  pages={346--358},
  year={2015},
  publisher={Elsevier}
}
