@article{chen2012evidence,
  title={Evidence that descending cortical axons are essential for thalamocortical axons to cross the pallial-subpallial boundary in the embryonic forebrain},
  author={Chen, Yijing and Magnani, Dario and Theil, Thomas and Pratt, Thomas and Price, David J},
  journal={PloS one},
  volume={7},
  number={3},
  pages={e33105},
  year={2012},
  publisher={Public Library of Science}
}
