@article{cheng1995complementary,
  title={Complementary gradients in expression and binding of ELF-1 and Mek4 in development of the topographic retinotectal projection map},
  author={Cheng, Hwai-Jong and Nakamoto, Masaru and Bergemann, Andrew D and Flanagan, John G},
  journal={Cell},
  volume={82},
  number={3},
  pages={371--381},
  year={1995},
  publisher={Elsevier}
}
