@article{chenaux2011forward,
  title={Forward signaling by EphB1/EphB2 interacting with ephrin-B ligands at the optic chiasm is required to form the ipsilateral projection},
  author={Chenaux, George and Henkemeyer, Mark},
  journal={European Journal of Neuroscience},
  volume={34},
  number={10},
  pages={1620--1633},
  year={2011},
  publisher={Wiley Online Library}
}
