@article{chen2013clustered,
  title={Clustered protocadherins},
  author={Chen, Weisheng V and Maniatis, Tom},
  journal={Development},
  volume={140},
  number={16},
  pages={3297--3302},
  year={2013},
  publisher={Oxford University Press for The Company of Biologists Limited}
}
