@article{chitnis1991elimination,
  title={Elimination of a brain tract increases errors in pathfinding by follower growth cones in the zebrafish embryo},
  author={Chitnis, Ajay B and Kuwada, John Y},
  journal={Neuron},
  volume={7},
  number={2},
  pages={277--285},
  year={1991},
  publisher={Elsevier}
}
