@article{chuah2002cellular,
  title={Cellular and molecular biology of ensheathing cells},
  author={Chuah, Meng Inn and West, Adrian K},
  journal={Microscopy research and technique},
  volume={58},
  number={3},
  pages={216--227},
  year={2002},
  publisher={Wiley Online Library}
}
