@article{chua2014extending,
  title={Extending neurites sense the depth of the underlying topography during neuronal differentiation and contact guidance},
  author={Chua, Jie Shi and Chng, Choon-Peng and Moe, Aung Aung Kywe and Tann, Jason Y and Goh, Eyleen LK and Chiam, Keng-Hwee and Yim, Evelyn KF},
  journal={Biomaterials},
  volume={35},
  number={27},
  pages={7750--7761},
  year={2014},
  publisher={Elsevier}
}
