@article{chung2013astrocytes,
  title={Astrocytes mediate synapse elimination through MEGF10 and MERTK pathways},
  author={Chung, Won-Suk and Clarke, Laura E and Wang, Gordon X and Stafford, Benjamin K and Sher, Alexander and Chakraborty, Chandrani and Joung, Julia and Foo, Lynette C and Thompson, Andrew and Chen, Chinfei and others},
  journal={Nature},
  volume={504},
  number={7480},
  pages={394--400},
  year={2013},
  publisher={Nature Publishing Group}
}
