@article{chung2000expression,
  title={Expression of chondroitin sulfate proteoglycans in the chiasm of mouse embryos},
  author={Chung, Kit-Ying and Shum, Daisy Kwok-Yan and Chan, Sun-On},
  journal={Journal of Comparative Neurology},
  volume={417},
  number={2},
  pages={153--163},
  year={2000},
  publisher={Wiley Online Library}
}
