@article{chung2012role,
  title={The role of glial cells in synapse elimination},
  author={Chung, Won-Suk and Barres, Ben A},
  journal={Current opinion in neurobiology},
  volume={22},
  number={3},
  pages={438--445},
  year={2012},
  publisher={Elsevier}
}
