@article{chung2001heparan,
  title={Heparan sulfate proteoglycan expression in the optic chiasm of mouse embryos},
  author={Chung, Kit-Ying and Leung, Kin-Mei and Lin, Ling and Chan, Sun-On},
  journal={Journal of Comparative Neurology},
  volume={436},
  number={2},
  pages={236--247},
  year={2001},
  publisher={Wiley Online Library}
}
