@article{chung2013clarity,
  title={CLARITY for mapping the nervous system},
  author={Chung, Kwanghun and Deisseroth, Karl},
  journal={Nature methods},
  volume={10},
  number={6},
  pages={508--513},
  year={2013},
  publisher={Nature Publishing Group}
}
