@article{clark1957ferrier,
  title={The Ferrier lecture: inquiries into the anatomical basis of olfactory discrimination},
  author={Clark, Wilfrid Le Gros},
  journal={Proceedings of the Royal Society of London. Series B, Biological Sciences},
  pages={299--319},
  year={1957},
  publisher={JSTOR}
}
