@article{clark1951projection,
  title={The projection of the olfactory epithelium on the olfactory bulb in the rabbit},
  author={Clark, WE Le Gros},
  journal={Journal of neurology, neurosurgery, and psychiatry},
  volume={14},
  number={1},
  pages={1},
  year={1951},
  publisher={BMJ Group}
}
