@article{clarke2013emerging,
  title={Emerging roles of astrocytes in neural circuit development},
  author={Clarke, Laura E and Barres, Ben A},
  journal={Nature Reviews Neuroscience},
  volume={14},
  number={5},
  pages={311--321},
  year={2013},
  publisher={Nature Publishing Group}
}
