@article{cloutier2002neuropilin,
  title={Neuropilin-2 mediates axonal fasciculation, zonal segregation, but not axonal convergence, of primary accessory olfactory neurons},
  author={Cloutier, Jean-Fran{\c{c}}ois and Giger, Roman J and Koentges, Georgy and Dulac, Catherine and Kolodkin, Alex L and Ginty, David D},
  journal={Neuron},
  volume={33},
  number={6},
  pages={877--892},
  year={2002},
  publisher={Elsevier}
}
