@article{coate2012otic,
  title={Otic mesenchyme cells regulate spiral ganglion axon fasciculation through a Pou3f4/EphA4 signaling pathway},
  author={Coate, Thomas M and Raft, Steven and Zhao, Xiumei and Ryan, Aimee K and Crenshaw III, E Bryan and Kelley, Matthew W},
  journal={Neuron},
  volume={73},
  number={1},
  pages={49--63},
  year={2012},
  publisher={Elsevier}
}
