@article{cocas2016cell,
  title={Cell Type-Specific Circuit Mapping Reveals the Presynaptic Connectivity of Developing Cortical Circuits},
  author={Cocas, Laura A and Fernandez, Gloria and Barch, Mariya and Doll, Jason and Diaz, Ivan Zamora and Pleasure, Samuel J},
  journal={The Journal of Neuroscience},
  volume={36},
  number={11},
  pages={3378--3390},
  year={2016},
  publisher={Soc Neuroscience}
}
