@article{cohen1987role,
  title={The role of laminin and the laminin/fibronectin receptor complex in the outgrowth of retinal ganglion cell axons},
  author={Cohen, James and Burne, Julia F and McKinlay, Calum and Winter, Janet},
  journal={Developmental biology},
  volume={122},
  number={2},
  pages={407--418},
  year={1987},
  publisher={Elsevier}
}
