@article{cohen1985retinal,
  title={Retinal ganglion cells lose response to laminin with maturation.},
  author={Cohen, J and Burne, JF and Winter, J and Bartlett, P},
  journal={Nature},
  volume={322},
  number={6078},
  pages={465--467},
  year={1985}
}
