@article{colello1990early,
  title={The early development of retinal ganglion cells with uncrossed axons in the mouse: retinal position and axonal course},
  author={Colello, RJ and Guillery, RW},
  journal={Development},
  volume={108},
  number={3},
  pages={515--523},
  year={1990},
  publisher={The Company of Biologists Limited}
}
