@article{colello1997changing,
  title={Changing course of growing axons in the optic chiasm of the mouse},
  author={Colello, SJ and Coleman, L-A},
  journal={Journal of Comparative Neurology},
  volume={379},
  number={4},
  pages={495--514},
  year={1997},
  publisher={Wiley Online Library}
}
