@article{coleman1997topography,
  title={Topography of fibre organisation in the corticofugal pathways of rats},
  author={Coleman, Kristina A and Baker, Gary E and Mitrofanis, John},
  journal={Journal of Comparative Neurology},
  volume={381},
  number={2},
  pages={143--157},
  year={1997},
  publisher={Wiley Online Library}
}
