@article{colello1998changing,
  title={The changing pattern of fibre bundles that pass through the optic chiasm of mice.},
  author={Colello, SJ and Guillery, RW},
  journal={The European journal of neuroscience},
  volume={10},
  number={12},
  pages={3653},
  year={1998}
}
