@article{colello1992observations,
  title={Observations on the early development of the optic nerve and tract of the mouse},
  author={Colello, RJ and Guillery, RW},
  journal={Journal of Comparative Neurology},
  volume={317},
  number={4},
  pages={357--378},
  year={1992},
  publisher={Wiley Online Library}
}
