@article{constantine1976axonal,
  title={Axonal guidance of developing optic nerves in the frog. I. Anatomy of the projection from transplanted eye primordia},
  author={Constantine-Paton, MARTHA and Capranica, Robert R},
  journal={Journal of Comparative Neurology},
  volume={170},
  number={1},
  pages={17--31},
  year={1976},
  publisher={Wiley Online Library}
}
