@article{contet2001faster,
  title={Faster is not surerâ€”a comparison of C57BL/6J and 129S2/Sv mouse strains in the watermaze},
  author={Contet, Candice and Rawlins, J Nicholas P and Bannerman, David M},
  journal={Behavioural brain research},
  volume={125},
  number={1},
  pages={261--267},
  year={2001},
  publisher={Elsevier}
}
