@article{conway2011heparan,
  title={Heparan sulfate sugar modifications mediate the functions of slits and other factors needed for mouse forebrain commissure development},
  author={Conway, Christopher D and Howe, Kathy M and Nettleton, Nicole K and Price, David J and Mason, John O and Pratt, Thomas},
  journal={The Journal of Neuroscience},
  volume={31},
  number={6},
  pages={1955--1970},
  year={2011},
  publisher={Soc Neuroscience}
}
