@article{conway2011analysis,
  title={Analysis of axon guidance defects at the optic chiasm in heparan sulphate sulphotransferase compound mutant mice},
  author={Conway, Christopher D and Price, David J and Pratt, Thomas and Mason, John O},
  journal={Journal of anatomy},
  volume={219},
  number={6},
  pages={734--742},
  year={2011},
  publisher={Wiley Online Library}
}
