@article{cook1998axon,
  title={Axon guidance to and from choice points},
  author={Cook, Geoffrey and Tannahill, David and Keynes, Roger},
  journal={Current opinion in neurobiology},
  volume={8},
  number={1},
  pages={64--72},
  year={1998},
  publisher={Elsevier}
}
