@article{cook1977multiple,
  title={The multiple factors determining retinotopic order in the growth of optic fibres into the optic tectum},
  author={Cook, JE and Horder, TJ},
  journal={Philosophical Transactions of the Royal Society of London. B, Biological Sciences},
  volume={278},
  number={961},
  pages={261--276},
  year={1977},
  publisher={The Royal Society}
}
