@article{cook1979interactions,
  title={Interactions between optic fibres controlling the locations of their terminals in the goldfish optic tectum},
  author={Cook, Jeremy E},
  journal={Journal of embryology and experimental morphology},
  volume={52},
  number={1},
  pages={89--103},
  year={1979},
  publisher={Cambridge University Press for The Company of Biologists Limited}
}
