@article{cornel1992precocious,
  title={Precocious pathfinding: retinal axons can navigate in an axonless brain},
  author={Cornel, Elsa and Holt, Christine},
  journal={Neuron},
  volume={9},
  number={6},
  pages={1001--1011},
  year={1992},
  publisher={Elsevier}
}
