@article{corriveau1999electrical,
  title={Electrical activity and gene expression in the development of vertebrate neural circuits},
  author={Corriveau, Roderick A},
  journal={Journal of neurobiology},
  volume={41},
  number={1},
  pages={148--157},
  year={1999},
  publisher={Wiley Online Library}
}
