@article{costanzo1978spatially,
  title={Spatially organized projections of hamster olfactory nerves},
  author={Costanzo, Richard M and O'Connell, Robert J},
  journal={Brain research},
  volume={139},
  number={2},
  pages={327--332},
  year={1978},
  publisher={Elsevier}
}
