@article{cramer2014axon,
  title={Axon guidance in the auditory system: Multiple functions of Eph receptors},
  author={Cramer, KS and Gabriele, ML},
  journal={Neuroscience},
  volume={277},
  pages={152--162},
  year={2014},
  publisher={Elsevier}
}
