@article{cramer2016eph,
  title={Eph-ephrin signaling in nervous system development},
  author={Cramer, Karina S and Miko, Ilona J},
  journal={F1000Research},
  volume={5},
  year={2016},
  publisher={Faculty of 1000 Ltd}
}
