@article{crandall1984thalamocortical,
  title={Thalamocortical connections in newborn mice},
  author={Crandall, James E and Caviness, Verne S},
  journal={Journal of Comparative Neurology},
  volume={228},
  number={4},
  pages={542--556},
  year={1984},
  publisher={Wiley Online Library}
}
