@article{crandall2000patterning,
  title={Patterning of olfactory sensory connections is mediated by extracellular matrix proteins in the nerve layer of the olfactory bulb},
  author={Crandall, JE and Dibble, C and Butler, D and Pays, L and Ahmad, N and Kostek, C and P{\"u}schel, AW and Schwarting, GA},
  journal={Journal of neurobiology},
  volume={45},
  number={4},
  pages={195--206},
  year={2000},
  publisher={Wiley Online Library}
}
