@article{crowley2002ocular,
  title={Ocular dominance development revisited},
  author={Crowley, Justin C and Katz, Lawrence C},
  journal={Current opinion in neurobiology},
  volume={12},
  number={1},
  pages={104--109},
  year={2002},
  publisher={Elsevier}
}
