@article{crowley1999development,
  title={Development of ocular dominance columns in the absence of retinal input},
  author={Crowley, Justin C and Katz, Lawrence C},
  journal={Nature neuroscience},
  volume={2},
  number={12},
  pages={1125--1130},
  year={1999},
  publisher={Nature Publishing Group}
}
