@article{czeisler2016surface,
  title={Surface Topography During Neural Stem Cell Differentiation Regulates Cell Migration and Cell Morphology},
  author={Czeisler, Catherine and Short, Aaron and Stocker, Ben and Cronin, James and Lannutti, John and Winter, Jessica and Otero, Jose Javier},
  journal={The FASEB Journal},
  volume={30},
  number={1 Supplement},
  pages={160--5},
  year={2016},
  publisher={FASEB}
}
