@article{daud2012aligned,
  title={An aligned 3D neuronal-glial co-culture model for peripheral nerve studies},
  author={Daud, Muhammad FB and Pawar, Kiran C and Claeyssens, Frederik and Ryan, Anthony J and Haycock, John W},
  journal={Biomaterials},
  volume={33},
  number={25},
  pages={5901--5913},
  year={2012},
  publisher={Elsevier}
}
