@article{davenport1996cellular,
  title={Cellular localization of guidance cues in the establishment of retinotectal topography},
  author={Davenport, Roger W and Thies, Edda and Nelson, Phillip G},
  journal={The Journal of neuroscience},
  volume={16},
  number={6},
  pages={2074--2085},
  year={1996},
  publisher={Soc Neuroscience}
}
