@article{davis2015increasing,
  title={Increasing Spontaneous Retinal Activity before Eye Opening Accelerates the Development of Geniculate Receptive Fields},
  author={Davis, Zachary W and Chapman, Barbara and Cheng, Hwai-Jong},
  journal={The Journal of Neuroscience},
  volume={35},
  number={43},
  pages={14612--14623},
  year={2015},
  publisher={Soc Neuroscience}
}
