@article{davy2005ephrin,
  title={Ephrin signaling in vivo: look both ways},
  author={Davy, Alice and Soriano, Philippe},
  journal={Developmental dynamics},
  volume={232},
  number={1},
  pages={1--10},
  year={2005},
  publisher={Wiley Online Library}
}
