@article{davy2004ephrin,
  title={Ephrin-B1 forward and reverse signaling are required during mouse development},
  author={Davy, Alice and Aubin, Jos{\'e}e and Soriano, Philippe},
  journal={Genes \& development},
  volume={18},
  number={5},
  pages={572--583},
  year={2004},
  publisher={Cold Spring Harbor Lab}
}
