@article{davy2006inhibition,
  title={Inhibition of gap junction communication at ectopic Eph/ephrin boundaries underlies craniofrontonasal syndrome},
  author={Davy, Alice and Bush, Jeffrey O and Soriano, Philippe},
  journal={PLoS biology},
  volume={4},
  number={10},
  pages={e315},
  year={2006},
  publisher={Public Library of Science}
}
