@article{dawnay1979chronotopic,
  title={'Chronotopic'organization of goldfish optic pathway [proceedings].},
  author={Dawnay, NA},
  journal={The Journal of physiology},
  volume={296},
  pages={13P},
  year={1979}
}
