@article{de1985topography,
  title={Topography of the human corpus callosum.},
  author={De Lacoste, M Christine and Kirkpatrick, Joel B and Ross, Elliott D},
  journal={Journal of Neuropathology \& Experimental Neurology},
  volume={44},
  number={6},
  pages={578--591},
  year={1985},
  publisher={LWW}
}
