@article{de2011role,
  title={Role of leucine-rich repeat proteins in the development and function of neural circuits},
  author={De Wit, Joris and Hong, Weizhe and Luo, Liqun and Ghosh, Anirvan},
  journal={Annual review of cell and developmental biology},
  volume={27},
  pages={697--729},
  year={2011},
  publisher={Annual Reviews}
}
