@article{de2015specification,
  title={Specification of synaptic connectivity by cell surface interactions},
  author={de Wit, Joris and Ghosh, Anirvan},
  journal={Nature Reviews Neuroscience},
  year={2015},
  publisher={Nature Publishing Group}
}
