@article{deck2013pathfinding,
  title={Pathfinding of corticothalamic axons relies on a rendezvous with thalamic projections},
  author={Deck, Marie and Lokmane, Ludmilla and Chauvet, Sophie and Mailhes, Caroline and Keita, Maryama and Niquille, Mathieu and Yoshida, Michio and Yoshida, Yutaka and Lebrand, C{\'e}cile and Mann, Fanny and others},
  journal={Neuron},
  volume={77},
  number={3},
  pages={472--484},
  year={2013},
  publisher={Elsevier}
}
