@article{dehay2007cell,
  title={Cell-cycle control and cortical development},
  author={Dehay, Colette and Kennedy, Henry},
  journal={Nature Reviews Neuroscience},
  volume={8},
  number={6},
  pages={438--450},
  year={2007},
  publisher={Nature Publishing Group}
}
