@article{del2013neuronal,
  title={Neuronal and glial purinergic receptors functions in neuron development and brain disease},
  author={del Puerto, Ana and Wandosell, Francisco and Garrido, Juan Jos{\'e}},
  journal={Frontiers in cellular neuroscience},
  volume={7},
  year={2013},
  publisher={Frontiers Media SA}
}
