@article{demyanenko2011nrcam,
  title={NrCAM deletion causes topographic mistargeting of thalamocortical axons to the visual cortex and disrupts visual acuity},
  author={Demyanenko, Galina P and Riday, Thorfinn T and Tran, Tracy S and Dalal, Jasbir and Darnell, Eli P and Brennaman, Leann H and Sakurai, Takeshi and Grumet, Martin and Philpot, Benjamin D and Maness, Patricia F},
  journal={The Journal of Neuroscience},
  volume={31},
  number={4},
  pages={1545--1558},
  year={2011},
  publisher={Soc Neuroscience}
}
