@article{dhande2014retinal,
  title={Retinal ganglion cell maps in the brain: implications for visual processing},
  author={Dhande, Onkar S and Huberman, Andrew D},
  journal={Current opinion in neurobiology},
  volume={24},
  pages={133--142},
  year={2014},
  publisher={Elsevier}
}
