@article{dhande2011development,
  title={Development of single retinofugal axon arbors in normal and $\beta$2 knock-out mice},
  author={Dhande, Onkar S and Hua, Ethan W and Guh, Emily and Yeh, Jonathan and Bhatt, Shivani and Zhang, Yueyi and Ruthazer, Edward S and Feller, Marla B and Crair, Michael C},
  journal={The Journal of Neuroscience},
  volume={31},
  number={9},
  pages={3384--3399},
  year={2011},
  publisher={Soc Neuroscience}
}
