@article{dickson2002molecular,
  title={Molecular mechanisms of axon guidance},
  author={Dickson, Barry J},
  journal={Science},
  volume={298},
  number={5600},
  pages={1959--1964},
  year={2002},
  publisher={American Association for the Advancement of Science}
}
