@article{dickson2002functional,
  title={Functional binding interaction identified between the axonal CAM L1 and members of the ERM family},
  author={Dickson, Tracey C and Mintz, C David and Benson, Deanna L and Salton, Stephen RJ},
  journal={The Journal of cell biology},
  volume={157},
  number={7},
  pages={1105--1112},
  year={2002},
  publisher={Rockefeller Univ Press}
}
