@article{dodd1988spatial,
  title={Spatial regulation of axonal glycoprotein expression on subsets of embryonic spinal neurons},
  author={Dodd, J and Morton, SB and Karagogeos, D and Yamamoto, M and Jessell, TM},
  journal={Neuron},
  volume={1},
  number={2},
  pages={105--116},
  year={1988},
  publisher={Elsevier}
}
