@article{dodd1988axon,
  title={Axon guidance and the patterning of neuronal projections in vertebrates},
  author={Dodd, Jane and Jessell, Thomas M},
  journal={Science},
  volume={242},
  number={4879},
  pages={692--699},
  year={1988},
  publisher={American Association for the Advancement of Science}
}
