@article{dodt2007ultramicroscopy,
  title={Ultramicroscopy: three-dimensional visualization of neuronal networks in the whole mouse brain},
  author={Dodt, Hans-Ulrich and Leischner, Ulrich and Schierloh, Anja and J{\"a}hrling, Nina and Mauch, Christoph Peter and Deininger, Katrin and Deussing, Jan Michael and Eder, Matthias and Zieglg{\"a}nsberger, Walter and Becker, Klaus},
  journal={Nature methods},
  volume={4},
  number={4},
  pages={331--336},
  year={2007},
  publisher={Nature Publishing Group}
}
