@article{dolan2007extracellular,
  title={The extracellular leucine-rich repeat superfamily; a comparative survey and analysis of evolutionary relationships and expression patterns},
  author={Dolan, Jackie and Walshe, Karen and Alsbury, Samantha and Hokamp, Karsten and O'Keeffe, Sean and Okafuji, Tatsuya and Miller, Suzanne FC and Tear, Guy and Mitchell, Kevin J},
  journal={BMC genomics},
  volume={8},
  number={1},
  pages={1},
  year={2007},
  publisher={BioMed Central}
}
