@article{drager1985birth,
  title={Birth dates of retinal ganglion cells giving rise to the crossed and uncrossed optic projections in the mouse},
  author={Drager, Ursula C},
  journal={Proceedings of the Royal Society of London B: Biological Sciences},
  volume={224},
  number={1234},
  pages={57--77},
  year={1985},
  publisher={The Royal Society}
}
