@article{drescher1995vitro,
  title={In vitro guidance of retinal ganglion cell axons by RAGS, a 25 kDa tectal protein related to ligands for Eph receptor tyrosine kinases},
  author={Drescher, Uwe and Kremoser, Claus and Handwerker, Claudia and L{\"o}schinger, J{\"u}rgen and Noda, Masaharu and Bonhoeffer, Friedrich},
  journal={Cell},
  volume={82},
  number={3},
  pages={359--370},
  year={1995},
  publisher={Elsevier}
}
