@article{dufour2006genetic,
  title={Genetic analysis of EphA-dependent signaling mechanisms controlling topographic mapping in vivo},
  author={Dufour, Audrey and Egea, Joaquim and Kullander, Klas and Klein, R{\"u}diger and Vanderhaeghen, Pierre},
  journal={Development},
  volume={133},
  number={22},
  pages={4415--4420},
  year={2006},
  publisher={The Company of Biologists Ltd}
}
