@article{dufour2003area,
  title={Area specificity and topography of thalamocortical projections are controlled by ephrin/Eph genes},
  author={Dufour, Audrey and Seibt, Julie and Passante, Lara and Depaepe, Vanessa and Ciossek, Thomas and Fris{\'e}n, Jonas and Kullander, Klas and Flanagan, John G and Polleux, Franck and Vanderhaeghen, Pierre},
  journal={Neuron},
  volume={39},
  number={3},
  pages={453--465},
  year={2003},
  publisher={Elsevier}
}
