@article{dupin2013investigating,
  title={Investigating Axonal Guidance with Microdevice-Based Approaches},
  author={Dupin, Isabelle and Dahan, Maxime and Studer, Vincent},
  journal={The Journal of Neuroscience},
  volume={33},
  number={45},
  pages={17647--17655},
  year={2013},
  publisher={Soc Neuroscience}
}
