@article{easter1981growth,
  title={The growth and organization of the optic nerve and tract in juvenile and adult goldfish},
  author={Easter, SSl and Rusoff, ANNE C and Kish, PHILLIP E},
  journal={The Journal of Neuroscience},
  volume={1},
  number={8},
  pages={793--811},
  year={1981},
  publisher={Soc Neuroscience}
}
