@incollection{EasterJr199479,
title = "Initial tract formation in the vertebrate brain ",
editor = "J. Van Pelt, M.A. Corner, H.B.M. Uylings and F.H. Lopes Da Silva",
booktitle = "The Self-Organizing Brain: From Growth Cones to Functional Networks",
publisher = "Elsevier",
year = "1994",
volume = "102",
pages = "79 - 93",
series = "Progress in Brain Research ",
issn = "0079-6123",
doi = "http://dx.doi.org/10.1016/S0079-6123(08)60533-6",
url = "http://www.sciencedirect.com/science/article/pii/S0079612308605336",
author = "Stephen S. Easter Jr. and John Burrill and Riva C. Marcus and Linda S. Ross and Jeremy S.H. Taylor and Stephen W. Wilson"
}

