@article{easter1996development,
  title={The development of vision in the zebrafish (Danio rerio)},
  author={Easter Jr, Stephen S and Nicola, Gregory N},
  journal={Developmental biology},
  volume={180},
  number={2},
  pages={646--663},
  year={1996},
  publisher={Elsevier}
}
