@article{eberhart2000expression,
  title={Expression of EphA4, ephrin-A2 and ephrin-A5 during axon outgrowth to the hindlimb indicates potential roles in pathfinding},
  author={Eberhart, J and Swartz, M and Koblar, Simon Andrea and Pasquale, EB and Tanaka, H and Krull, Catherine E},
  journal={Developmental neuroscience},
  volume={22},
  number={3},
  pages={237--250},
  year={2000},
  publisher={Karger Publishers}
}
