@article{eberle2015mission,
  title={Mission (im) possible--mapping the brain becomes a reality},
  author={Eberle, Anna Lena and Selchow, Olaf and Thaler, Marlene and Zeidler, Dirk and Kirmse, Robert},
  journal={Microscopy},
  volume={64},
  number={1},
  pages={45--55},
  year={2015},
  publisher={Jpn Soc Microscopy}
}
