@article{ebrahimi2000olfactory,
  title={Olfactory neurons are interdependent in maintaining axonal projections},
  author={Ebrahimi, Farah AW and Chess, Andrew},
  journal={Current Biology},
  volume={10},
  number={4},
  pages={219--222},
  year={2000},
  publisher={Elsevier}
}
