@article{edwards1981cercal,
  title={Cercal sensory development following laser microlesions of embryonic apical cells in Acheta domesticus},
  author={Edwards, JOHN S and Chen, SW and Berns, MICHAEL W},
  journal={The Journal of Neuroscience},
  volume={1},
  number={3},
  pages={250--258},
  year={1981},
  publisher={Soc Neuroscience}
}
