@article{egea2007bidirectional,
  title={Bidirectional Eph--ephrin signaling during axon guidance},
  author={Egea, Joaquim and Klein, R{\"u}diger},
  journal={Trends in cell biology},
  volume={17},
  number={5},
  pages={230--238},
  year={2007},
  publisher={Elsevier}
}
