@article{ehrlich1984course,
  title={The course of axons of retinal ganglion cells within the optic nerve and tract of the chick (Gallus gallus)},
  author={Ehrlich, David and Mark, Richard},
  journal={Journal of Comparative Neurology},
  volume={223},
  number={4},
  pages={583--591},
  year={1984},
  publisher={Wiley Online Library}
}
