@article{el2012wiring,
  title={Wiring visual circuits, one eye at a time},
  author={El Danaf, Rana N and Huberman, Andrew D},
  journal={Nature neuroscience},
  volume={15},
  number={2},
  pages={172--174},
  year={2012},
  publisher={Nature Publishing Group}
}
