@article{el2015developmental,
  title={Developmental remodeling of relay cells in the dorsal lateral geniculate nucleus in the absence of retinal input},
  author={El-Danaf, Rana N and Krahe, Thomas E and Dilger, Emily K and Bickford, Martha E and Fox, Michael A and Guido, William},
  journal={Neural development},
  volume={10},
  number={1},
  pages={1},
  year={2015},
  publisher={BioMed Central}
}
