@article{elbaz2016adenomatous,
  title={Adenomatous polyposis coli regulates radial axonal sorting and myelination in the PNS},
  author={Elbaz, Benayahu and Traka, Maria and Kunjamma, Rejani B and Dukala, Danuta and Lutz, Amanda Brosius and Anton, ES and Barres, Ben A and Soliven, Betty and Popko, Brian},
  journal={Development},
  pages={dev--135913},
  year={2016},
  publisher={Oxford University Press for The Company of Biologists Limited}
}
