@article{erskine2014connecting,
  title={Connecting the Retina to the Brain},
  author={Erskine, Lynda and Herrera, Eloisa},
  journal={ASN neuro},
  volume={6},
  number={6},
  pages={1759091414562107},
  year={2014},
  publisher={SAGE Publications}
}
