@article{erskine2011vegf,
  title={VEGF signaling through neuropilin 1 guides commissural axon crossing at the optic chiasm},
  author={Erskine, Lynda and Reijntjes, Susan and Pratt, Thomas and Denti, Laura and Schwarz, Quenten and Vieira, Joaquim M and Alakakone, Bennett and Shewan, Derryck and Ruhrberg, Christiana},
  journal={Neuron},
  volume={70},
  number={5},
  pages={951--965},
  year={2011},
  publisher={Elsevier}
}
