@article{erturk2012three,
  title={Three-dimensional imaging of solvent-cleared organs using 3DISCO},
  author={Ert{\"u}rk, Ali and Becker, Klaus and J{\"a}hrling, Nina and Mauch, Christoph P and Hojer, Caroline D and Egen, Jackson G and Hellal, Farida and Bradke, Frank and Sheng, Morgan and Dodt, Hans-Ulrich},
  journal={Nature protocols},
  volume={7},
  number={11},
  pages={1983--1995},
  year={2012},
  publisher={Nature Publishing Group}
}
