@article{fabre2010segregation,
  title={Segregation of ipsilateral retinal ganglion cell axons at the optic chiasm requires the Shh receptor Boc},
  author={Fabre, Pierre J and Shimogori, Tomomi and Charron, Fr{\'e}d{\'e}ric},
  journal={The Journal of Neuroscience},
  volume={30},
  number={1},
  pages={266--275},
  year={2010},
  publisher={Soc Neuroscience}
}
