@article{fan1995localized,
  title={Localized collapsing cues can steer growth cones without inducing their full collapse},
  author={Fan, Jinhong and Raper, Jonathan A},
  journal={Neuron},
  volume={14},
  number={2},
  pages={263--274},
  year={1995},
  publisher={Elsevier}
}
