@article{farmer2016neurons,
  title={Neurons diversify astrocytes in the adult brain through sonic hedgehog signaling},
  author={Farmer, W Todd and Abrahamsson, Ther{\'e}se and Chierzi, Sabrina and Lui, Christopher and Zaelzer, Cristian and Jones, Emma V and Bally, Blandine Ponroy and Chen, Gary G and Th{\'e}roux, Jean-Francois and Peng, Jimmy and others},
  journal={Science},
  volume={351},
  number={6275},
  pages={849--854},
  year={2016},
  publisher={American Association for the Advancement of Science}
}
