@article{favero2013mutation,
  title={Mutation of the BiP/GRP78 gene causes axon outgrowth and fasciculation defects in the thalamocortical connections of the mammalian forebrain},
  author={Favero, Carlita B and Henshaw, Rasha N and Grimsley-Myers, Cynthia M and Shrestha, Ayushma and Beier, David R and Dwyer, Noelle D},
  journal={Journal of Comparative Neurology},
  volume={521},
  number={3},
  pages={677--696},
  year={2013},
  publisher={Wiley Online Library}
}
