@article{fawcett1981organization,
  title={The organization of regenerating axons in theXenopus optic nerve},
  author={Fawcett, JW and Gaze, RM},
  journal={Brain research},
  volume={229},
  number={2},
  pages={487--490},
  year={1981},
  publisher={Elsevier}
}
