@article{fawcett1982retinotectal,
  title={The retinotectal fibre pathways from normal and compound eyes in Xenopus},
  author={Fawcett, JW and Gaze, RM},
  journal={Journal of embryology and experimental morphology},
  volume={72},
  number={1},
  pages={19--37},
  year={1982},
  publisher={Cambridge University Press for The Company of Biologists Limited}
}
