@article{fawcett1984fibre,
  title={Fibre order in the normal Xenopus optic tract, near the chiasma},
  author={Fawcett, JW and Taylor, JSH and Gaze, RM and Grant, P and Hirst, E},
  journal={Journal of embryology and experimental morphology},
  volume={83},
  number={1},
  pages={1--14},
  year={1984},
  publisher={The Company of Biologists Limited}
}
