@article{feinstein2004contextual,
  title={A contextual model for axonal sorting into glomeruli in the mouse olfactory system},
  author={Feinstein, Paul and Mombaerts, Peter},
  journal={Cell},
  volume={117},
  number={6},
  pages={817--831},
  year={2004},
  publisher={Elsevier}
}
