%% This BibTeX bibliography file was created using BibDesk.
%% http://bibdesk.sourceforge.net/


%% Created for Austen Sitko at 2016-12-03 20:54:07 -0500 


%% Saved with string encoding Unicode (UTF-8) 



@article{feldheim2010visual,
	Author = {Feldheim, David A and O'Leary, Dennis DM},
	Date-Modified = {2016-12-04 01:54:03 +0000},
	Journal = {Cold Spring Harbor perspectives in biology},
	Number = {11},
	Pages = {a001768},
	Publisher = {Cold Spring Harbor Lab},
	Title = {Visual map development: bidirectional signaling, bifunctional guidance molecules, and competition},
	Volume = {2},
	Year = {2010}}
