@article{feller2009retinal,
  title={Retinal waves are likely to instruct the formation of eye-specific retinogeniculate projections},
  author={Feller, Marla B},
  journal={Neural development},
  volume={4},
  number={1},
  pages={1},
  year={2009},
  publisher={BioMed Central}
}
