@article{feng2000imaging,
  title={Imaging neuronal subsets in transgenic mice expressing multiple spectral variants of GFP},
  author={Feng, Guoping and Mellor, Rebecca H and Bernstein, Michael and Keller-Peck, Cynthia and Nguyen, Quyen T and Wallace, Mia and Nerbonne, Jeanne M and Lichtman, Jeff W and Sanes, Joshua R},
  journal={Neuron},
  volume={28},
  number={1},
  pages={41--51},
  year={2000},
  publisher={Elsevier}
}
