@article{fenlon2015contralateral,
  title={Contralateral targeting of the corpus callosum in normal and pathological brain function},
  author={Fenlon, Laura R and Richards, Linda J},
  journal={Trends in neurosciences},
  volume={38},
  number={5},
  pages={264--272},
  year={2015},
  publisher={Elsevier}
}
