@article{fernandes2016novel,
  title={Novel axon projection after stress and degeneration in the Dscam mutant retina},
  author={Fernandes, KA and Bloomsburg, SJ and Miller, CJ and Billingslea, SA and Merrill, MM and Burgess, Robert W and Libby, RT and Fuerst, PG},
  journal={Molecular and Cellular Neuroscience},
  volume={71},
  pages={1--12},
  year={2016},
  publisher={Elsevier}
}
