@article{ferrer2010sensitive,
  title={A sensitive and bright single-cell resolution live imaging reporter of Wnt/ss-catenin signaling in the mouse},
  author={Ferrer-Vaquer, Anna and Piliszek, Anna and Tian, Guangnan and Aho, Robert J and Dufort, Daniel and Hadjantonakis, Anna-Katerina},
  journal={BMC developmental biology},
  volume={10},
  number={1},
  pages={1},
  year={2010},
  publisher={BioMed Central}
}
