@article{ferreira2014neuronal,
  title={Neuronal morphometry directly from bitmap images},
  author={Ferreira, Tiago A and Blackman, Arne V and Oyrer, Julia and Jayabal, Sriram and Chung, Andrew J and Watt, Alanna J and Sj{\"o}str{\"o}m, P Jesper and van Meyel, Donald J},
  journal={Nature methods},
  volume={11},
  number={10},
  pages={982--984},
  year={2014},
  publisher={Nature Publishing Group}
}
