@article{firth2005retinal,
  title={Retinal waves: mechanisms and function in visual system development},
  author={Firth, Sally I and Wang, Chih-Tien and Feller, Marla B},
  journal={Cell calcium},
  volume={37},
  number={5},
  pages={425--432},
  year={2005},
  publisher={Elsevier}
}
