@article{flanagan2006neural,
  title={Neural map specification by gradients},
  author={Flanagan, John G},
  journal={Current opinion in neurobiology},
  volume={16},
  number={1},
  pages={59--66},
  year={2006},
  publisher={Elsevier}
}
