@article{flanagan1998ephrins,
  title={The ephrins and Eph receptors in neural development},
  author={Flanagan, John G and Vanderhaeghen, Pierre},
  journal={Annual review of neuroscience},
  volume={21},
  number={1},
  pages={309--345},
  year={1998},
  publisher={Annual Reviews 4139 El Camino Way, PO Box 10139, Palo Alto, CA 94303-0139, USA}
}
