@article{freeman2006sculpting,
  title={Sculpting the nervous system: glial control of neuronal development},
  author={Freeman, Marc R},
  journal={Current opinion in neurobiology},
  volume={16},
  number={1},
  pages={119--125},
  year={2006},
  publisher={Elsevier}
}
