@article{freeman2013evolving,
  title={Evolving concepts of gliogenesis: a look way back and ahead to the next 25 years},
  author={Freeman, Marc R and Rowitch, David H},
  journal={Neuron},
  volume={80},
  number={3},
  pages={613--623},
  year={2013},
  publisher={Elsevier}
}
