@article{frei2014syncam,
  title={The SynCAM synaptic cell adhesion molecules are involved in sensory axon pathfinding by regulating axon--axon contacts},
  author={Frei, Jeannine A and Andermatt, Irwin and Gesemann, Matthias and Stoeckli, Esther T},
  journal={Journal of cell science},
  volume={127},
  number={24},
  pages={5288--5302},
  year={2014},
  publisher={The Company of Biologists Ltd}
}
