@article{friauf1999development,
  title={Development of chondroitin sulfate proteoglycans in the central auditory system of rats correlates with acquisition of mature properties.},
  author={Friauf, Eckhard},
  journal={Audiology \& neuro-otology},
  volume={5},
  number={5},
  pages={251--262},
  year={1999}
}
