@article{frost1979postnatal,
  title={Postnatal development of retinal projections in Syrian hamsters: a study using autoradiographic and anterograde degeneration techniques},
  author={Frost, DO and So, K-F and Schneider, GE},
  journal={Neuroscience},
  volume={4},
  number={11},
  pages={1649--1677},
  year={1979},
  publisher={Elsevier}
}
