@article{fu2010axonal,
  title={Axonal/glial upregulation of EphB/ephrin-B signaling in mouse experimental ocular hypertension},
  author={Fu, Christine T and Tran, Tony and Sretavan, David},
  journal={Investigative ophthalmology \& visual science},
  volume={51},
  number={2},
  pages={991--1001},
  year={2010},
  publisher={The Association for Research in Vision and Ophthalmology}
}
