@article{gallarda2008segregation,
  title={Segregation of axial motor and sensory pathways via heterotypic trans-axonal signaling},
  author={Gallarda, Benjamin W and Bonanomi, Dario and M{\"u}ller, Daniel and Brown, Arthur and Alaynick, William A and Andrews, Shane E and Lemke, Greg and Pfaff, Samuel L and Marquardt, Till},
  journal={Science},
  volume={320},
  number={5873},
  pages={233--236},
  year={2008},
  publisher={American Association for the Advancement of Science}
}
