@article{gan2000multicolor,
  title={Multicolor “DiOlistic” labeling of the nervous system using lipophilic dye combinations},
  author={Gan, Wen-Biao and Grutzendler, Jaime and Wong, Wai Thong and Wong, Rachel OL and Lichtman, Jeff W},
  journal={Neuron},
  volume={27},
  number={2},
  pages={219--225},
  year={2000},
  publisher={Elsevier}
}
