@article{garcia2010zic2,
  title={Zic2 regulates the expression of Sert to modulate eye-specific refinement at the visual targets},
  author={Garc{\'\i}a-Frigola, Cristina and Herrera, Elo{\'\i}sa},
  journal={The EMBO journal},
  volume={29},
  number={18},
  pages={3170--3183},
  year={2010},
  publisher={EMBO Press}
}
