@article{garcia2008zic2,
  title={Zic2 promotes axonal divergence at the optic chiasm midline by EphB1-dependent and-independent mechanisms},
  author={Garc{\'\i}a-Frigola, Cristina and Carreres, Maria Isabel and Vegar, Celia and Mason, Carol and Herrera, Elo{\'\i}sa},
  journal={Development},
  volume={135},
  number={10},
  pages={1833--1841},
  year={2008},
  publisher={The Company of Biologists Ltd}
}
