@article{garel2002early,
  title={The early topography of thalamocortical projections is shifted in Ebf1 and Dlx1/2 mutant mice},
  author={Garel, Sonia and Yun, Kyuson and Grosschedl, Rudolf and Rubenstein, John LR},
  journal={Development},
  volume={129},
  number={24},
  pages={5621--5634},
  year={2002},
  publisher={The Company of Biologists Limited}
}
