@article{garel2004intermediate,
  title={Intermediate targets in formation of topographic projections: inputs from the thalamocortical system},
  author={Garel, Sonia and Rubenstein, John LR},
  journal={Trends in neurosciences},
  volume={27},
  number={9},
  pages={533--539},
  year={2004},
  publisher={Elsevier}
}
