@article{garel2014inputs,
  title={Inputs from the thalamocortical system on axon pathfinding mechanisms},
  author={Garel, Sonia and L{\'o}pez-Bendito, Guillermina},
  journal={Current opinion in neurobiology},
  volume={27},
  pages={143--150},
  year={2014},
  publisher={Elsevier}
}
