@article{gaze1983pathways,
  title={Pathways of Xenopus optic fibres regenerating from normal and compound eyes under various conditions},
  author={Gaze, RM and Fawcett, JW},
  journal={Journal of embryology and experimental morphology},
  volume={73},
  number={1},
  pages={17--38},
  year={1983},
  publisher={The Company of Biologists Limited}
}
