@article{gaze1978diencephalic,
  title={The diencephalic course of regenerating retinotectal fibres in Xenopus tadpoles},
  author={Gaze, RM and Grant, P},
  journal={Journal of embryology and experimental morphology},
  volume={44},
  number={1},
  pages={201--216},
  year={1978},
  publisher={Cambridge University Press for The Company of Biologists Limited}
}
