@article{gejima2006lrr,
  title={The LRR and Ig domain-containing membrane protein SST273 is expressed on motoneurons},
  author={Gejima, Ryu and Okafuji, Tatsuya and Tanaka, Hideaki},
  journal={Gene expression patterns},
  volume={6},
  number={3},
  pages={235--240},
  year={2006},
  publisher={Elsevier}
}
