@article{ghosh2011sensory,
  title={Sensory maps in the olfactory cortex defined by long-range viral tracing of single neurons},
  author={Ghosh, Sulagna and Larson, Stephen D and Hefzi, Hooman and Marnoy, Zachary and Cutforth, Tyler and Dokka, Kartheek and Baldwin, Kristin K},
  journal={Nature},
  volume={472},
  number={7342},
  pages={217--220},
  year={2011},
  publisher={Nature Publishing Group}
}
