@article{ghosh1992pathfinding,
  title={Pathfinding and target selection by developing geniculocortical axons},
  author={Ghosh, Anirvan and Shatz, Carla J},
  journal={The Journal of neuroscience},
  volume={12},
  number={1},
  pages={39--55},
  year={1992},
  publisher={Soc Neuroscience}
}
