@article{ghysen2003neuronal,
  title={Neuronal connectivity: Bis repetita placent},
  author={Ghysen, Alain},
  journal={Current biology},
  volume={13},
  number={7},
  pages={R264--R266},
  year={2003},
  publisher={Elsevier}
}
