@article{ghysen2000genetic,
  title={A genetic programme for neuronal connectivity},
  author={Ghysen, Alain and Dambly-Chaudi{\`e}re, Christine},
  journal={Trends in Genetics},
  volume={16},
  number={5},
  pages={221--226},
  year={2000},
  publisher={Elsevier}
}
