@article{gibson2012activation,
  title={Activation of glial FGFRs is essential in glial migration, proliferation, and survival and in glia-neuron signaling during olfactory system development},
  author={Gibson, Nicholas J and Tolbert, Leslie P and Oland, Lynne A},
  journal={PloS one},
  volume={7},
  number={4},
  pages={e33828},
  year={2012},
  publisher={Public Library of Science}
}
