@article{gibson2006activation,
  title={Activation of epidermal growth factor receptor mediates receptor axon sorting and extension in the developing olfactory system of the moth Manduca sexta},
  author={Gibson, Nicholas J and Tolbert, Leslie P},
  journal={Journal of Comparative Neurology},
  volume={495},
  number={5},
  pages={554--572},
  year={2006},
  publisher={Wiley Online Library}
}
