@article{gobius2016astroglial,
  title={Astroglial-mediated remodeling of the interhemispheric midline is required for the formation of the corpus callosum},
  author={Gobius, Ilan and Morcom, Laura and Su{\'a}rez, Rodrigo and Bunt, Jens and Bukshpun, Polina and Reardon, William and Dobyns, William B and Rubenstein, John LR and Barkovich, A James and Sherr, Elliott H and others},
  journal={Cell Reports},
  volume={17},
  number={3},
  pages={735--747},
  year={2016},
  publisher={Elsevier}
}
