@article{godement1994specific,
  title={Specific guidance and modulation of growth cone motility during in vivo development},
  author={Godement, P},
  journal={Journal of Physiology-Paris},
  volume={88},
  number={4},
  pages={259--264},
  year={1994},
  publisher={Elsevier}
}
