@article{godement1984prenatal,
  title={Prenatal and postnatal development of retinogeniculate and retinocollicular projections in the mouse},
  author={Godement, Pierre and Sala{\"u}n, Josselyne and Imbert, Michel},
  journal={Journal of Comparative Neurology},
  volume={230},
  number={4},
  pages={552--575},
  year={1984},
  publisher={Wiley Online Library}
}
