@article{godement1994retinal,
  title={Retinal axon divergence in the optic chiasm: dynamics of growth cone behavior at the midline [published erratum appears in J Neurosci 1995 Mar; 15 (3): following table of contents]},
  author={Godement, P and Wang, LC and Mason, CA},
  journal={The Journal of neuroscience},
  volume={14},
  number={11},
  pages={7024--7039},
  year={1994},
  publisher={Soc Neuroscience}
}
