@article{godement1987study,
  title={A study in developing visual systems with a new method of staining neurones and their processes in fixed tissue},
  author={Godement, Pierre and Vanselow, J and Thanos, S and Bonhoeffer, F},
  journal={Development},
  volume={101},
  number={4},
  pages={697--713},
  year={1987},
  publisher={The Company of Biologists Ltd}
}
