@article{godement1990retinal,
  title={Retinal axon pathfinding in the optic chiasm: divergence of crossed and uncrossed fibers},
  author={Godement, Pierre and Sala{\"u}n, Josselyne and Mason, Carol A},
  journal={Neuron},
  volume={5},
  number={2},
  pages={173--186},
  year={1990},
  publisher={Elsevier}
}
