@article{godfrey2014modeling,
  title={Modeling Development in Retinal Afferents: Retinotopy, Segregation, and EphrinA/EphA Mutants},
  author={Godfrey, Keith B and Swindale, Nicholas V},
  journal={PloS one},
  volume={9},
  number={8},
  pages={e104670},
  year={2014},
  publisher={Public Library of Science}
}
