@article{goeden2016maternal,
  title={Maternal Inflammation Disrupts Fetal Neurodevelopment via Increased Placental Output of Serotonin to the Fetal Brain},
  author={Goeden, Nick and Velasquez, Juan and Arnold, Kathryn A and Chan, Yen and Lund, Brett T and Anderson, George M and Bonnin, Alexandre},
  journal={The Journal of Neuroscience},
  volume={36},
  number={22},
  pages={6041--6049},
  year={2016},
  publisher={Soc Neuroscience}
}
