@article{goldberg1972topographical,
  title={Topographical development of the ganglion cell fiber layer in the chick retina. A whole mount study},
  author={Goldberg, Stephen and Coulombre, Alfred J},
  journal={Journal of Comparative Neurology},
  volume={146},
  number={4},
  pages={507--517},
  year={1972},
  publisher={Wiley Online Library}
}
