@article{gomez2015different,
  title={Different tonotopic regions of the lateral superior olive receive a similar combination of afferent inputs},
  author={G{\'o}mez-{\'A}lvarez, Marcelo and Salda{\~n}a, Enrique},
  journal={Journal of Comparative Neurology},
  year={2015},
  publisher={Wiley Online Library}
}
