@article{goodman1984cell,
  title={Cell recognition during neuronal development},
  author={Goodman, Corey S and Bastiani, Michael J and Doe, Chris Q and Du Lac, Sascha and Helfand, Stephen L and Kuwada, John Y and Thomas, John B},
  journal={Science},
  volume={225},
  number={4668},
  pages={1271--1279},
  year={1984},
  publisher={American Association for the Advancement of Science}
}
