@article{goodman1993developmental,
  title={Developmental mechanisms that generate precise patterns of neuronal connectivity},
  author={Goodman, Corey S and Shatz, Carla J},
  journal={Cell},
  volume={72},
  pages={77--98},
  year={1993},
  publisher={Elsevier}
}
