@article{goodman1983grasshopper,
  title={Grasshopper growth cones: Divergent choices and labeled pathways},
  author={Goodman, Corey S and Raper, Jonathan A and Chang, Susannah and Ho, Robert},
  journal={Progress in brain research},
  volume={58},
  pages={283--304},
  year={1983},
  publisher={Elsevier}
}
