@article{gosse2008retinotopic,
  title={Retinotopic order in the absence of axon competition},
  author={Gosse, Nathan J and Nevin, Linda M and Baier, Herwig},
  journal={Nature},
  volume={452},
  number={7189},
  pages={892--895},
  year={2008},
  publisher={Nature Publishing Group}
}
