@article{grant1986optic,
  title={Optic fibers follow aberrant pathways from rotated eyes in Xenopus laevis},
  author={Grant, Philip and Ma, Pokay M},
  journal={Journal of Comparative Neurology},
  volume={250},
  number={3},
  pages={364--376},
  year={1986},
  publisher={Wiley Online Library}
}
