@article{grant1993projection,
  title={Projection patterns of primary sensory neurons studied by transganglionic methods: somatotopy and target-related organization},
  author={Grant, G},
  journal={Brain research bulletin},
  volume={30},
  number={3},
  pages={199--208},
  year={1993},
  publisher={Elsevier}
}
