@article{graziadei1978regeneration,
  title={Regeneration of olfactory axons and synapse formation in the forebrain after bulbectomy in neonatal mice},
  author={Graziadei, PP and Levine, Richard R and Graziadei, GA},
  journal={Proceedings of the National Academy of Sciences},
  volume={75},
  number={10},
  pages={5230--5234},
  year={1978},
  publisher={National Acad Sciences}
}
