@article{grueber2010self,
  title={Self-avoidance and tiling: mechanisms of dendrite and axon spacing},
  author={Grueber, Wesley B and Sagasti, Alvaro},
  journal={Cold Spring Harbor perspectives in biology},
  volume={2},
  number={9},
  pages={a001750},
  year={2010},
  publisher={Cold Spring Harbor Lab}
}
