@article{gu2003neuropilin,
  title={Neuropilin-1 conveys semaphorin and VEGF signaling during neural and cardiovascular development},
  author={Gu, Chenghua and Rodriguez, E Rene and Reimert, Dorothy V and Shu, Tianzhi and Fritzsch, Bernd and Richards, Linda J and Kolodkin, Alex L and Ginty, David D},
  journal={Developmental cell},
  volume={5},
  number={1},
  pages={45--57},
  year={2003},
  publisher={Elsevier}
}
