@article{guan2003sensory,
  title={Sensory neuron subtypes have unique substratum preference and receptor expression before target innervation},
  author={Guan, Wei and Puthenveedu, Manojkumar A and Condic, Maureen L},
  journal={The Journal of neuroscience},
  volume={23},
  number={5},
  pages={1781--1791},
  year={2003},
  publisher={Soc Neuroscience}
}
