@article{guillon2016slow,
  title={Slow Muscle Precursors Lay Down a Collagen XV Matrix Fingerprint to Guide Motor Axon Navigation},
  author={Guillon, Emilie and Bretaud, Sandrine and Ruggiero, Florence},
  journal={The Journal of Neuroscience},
  volume={36},
  number={9},
  pages={2663--2676},
  year={2016},
  publisher={Soc Neuroscience}
}
