@article{guillery1982arrangement,
  title={The arrangement of axons according to fiber diameter in the optic tract of the cat},
  author={Guillery, RW and Polley, EH and Torrealba, F},
  journal={The Journal of Neuroscience},
  volume={2},
  number={6},
  pages={714--721},
  year={1982},
  publisher={Soc Neuroscience}
}
