@article{guillery1995developmental,
  title={Developmental determinants at the mammalian optic chiasm},
  author={Guillery, RW and Mason, CA and Taylor, JS},
  journal={The Journal of neuroscience},
  volume={15},
  number={7},
  pages={4727--4737},
  year={1995},
  publisher={Soc Neuroscience}
}
