@article{guillery1987changing,
  title={Changing glial organization relates to changing fiber order in the developing optic nerve of ferrets},
  author={Guillery, RW and Walsh, C},
  journal={Journal of Comparative Neurology},
  volume={265},
  number={2},
  pages={203--217},
  year={1987},
  publisher={Wiley Online Library}
}
