@article{guillery1996albinos,
  title={Why do albinos and other hypopigmented mutants lack normal binocular vision, and what else is abnormal in their central visual pathways?},
  author={Guillery, RW},
  journal={Eye},
  volume={10},
  number={2},
  pages={217--221},
  year={1996},
  publisher={Nature Publishing Group}
}
