@article{guillemot1992somatosensory,
  title={Somatosensory receptive field properties of corpus callosum fibres in the raccoon},
  author={Guillemot, Jean-Paul and Richer, Louis and Ptito, Maurice and Guilbert, Michel and Lepore, Franco},
  journal={Journal of Comparative Neurology},
  volume={321},
  number={1},
  pages={124--132},
  year={1992},
  publisher={Wiley Online Library}
}
