@article{guzik2014nogo,
  title={Nogo-A deletion increases the plasticity of the optokinetic response and changes retinal projection organization in the adult mouse visual system},
  author={Guzik-Kornacka, Anna and van der Bourg, Alexander and Vajda, Flora and Joly, Sandrine and Christ, Franziska and Schwab, Martin E and Pernet, Vincent},
  journal={Brain Structure and Function},
  pages={1--13},
  year={2014},
  publisher={Springer}
}
