@article{hallem2004molecular,
  title={The Molecular Basis of Odor Coding in the< i> Drosophila</i> Antenna},
  author={Hallem, Elissa A and Ho, Michael G and Carlson, John R},
  journal={Cell},
  volume={117},
  number={7},
  pages={965--979},
  year={2004},
  publisher={Elsevier}
}
