@article{hama2011scale,
  title={Scale: a chemical approach for fluorescence imaging and reconstruction of transparent mouse brain},
  author={Hama, Hiroshi and Kurokawa, Hiroshi and Kawano, Hiroyuki and Ando, Ryoko and Shimogori, Tomomi and Noda, Hisayori and Fukami, Kiyoko and Sakaue-Sawano, Asako and Miyawaki, Atsushi},
  journal={Nature neuroscience},
  volume={14},
  number={11},
  pages={1481--1488},
  year={2011},
  publisher={Nature Publishing Group}
}
