@article{hama2015scales,
  title={ScaleS: an optical clearing palette for biological imaging},
  author={Hama, Hiroshi and Hioki, Hiroyuki and Namiki, Kana and Hoshida, Tetsushi and Kurokawa, Hiroshi and Ishidate, Fumiyoshi and Kaneko, Takeshi and Akagi, Takumi and Saito, Takashi and Saido, Takaomi and others},
  journal={Nature neuroscience},
  volume={18},
  number={10},
  pages={1518--1529},
  year={2015},
  publisher={Nature Publishing Group}
}
