@article{hammarback1986neurite,
  title={Neurite extension across regions of low cell-substratum adhesivity: implications for the guidepost hypothesis of axonal pathfinding},
  author={Hammarback, James A and Letourneau, Paul C},
  journal={Developmental biology},
  volume={117},
  number={2},
  pages={655--662},
  year={1986},
  publisher={Elsevier}
}
