@article{hammarback1985guidance,
  title={Guidance of neurite outgrowth by pathways of substratum-adsorbed laminin},
  author={Hammarback, JA and Palm, SL and Furcht, LT and Letourneau, PC},
  journal={Journal of neuroscience research},
  volume={13},
  number={1-2},
  pages={213--220},
  year={1985},
  publisher={Wiley Online Library}
}
