@article{hammarback1988growth,
  title={Growth cone guidance by substrate-bound laminin pathways is correlated with neuron-to-pathway adhesivity},
  author={Hammarback, James A and McCarthy, James B and Palm, Sally L and Furcht, Leo T and Letourneau, Paul C},
  journal={Developmental biology},
  volume={126},
  number={1},
  pages={29--39},
  year={1988},
  publisher={Elsevier}
}
