@article{hanson2004normal,
  title={Normal patterns of spontaneous activity are required for correct motor axon guidance and the expression of specific guidance molecules},
  author={Hanson, M Gartz and Landmesser, Lynn T},
  journal={Neuron},
  volume={43},
  number={5},
  pages={687--701},
  year={2004},
  publisher={Elsevier}
}
