@article{hanson2006increasing,
  title={Increasing the frequency of spontaneous rhythmic activity disrupts pool-specific axon fasciculation and pathfinding of embryonic spinal motoneurons},
  author={Hanson, M Gartz and Landmesser, Lynn T},
  journal={The Journal of neuroscience},
  volume={26},
  number={49},
  pages={12769--12780},
  year={2006},
  publisher={Soc Neuroscience}
}
