@article{hanson2008spontaneous,
  title={Spontaneous rhythmic activity in early chick spinal cord influences distinct motor axon pathfinding decisions},
  author={Hanson, M Gartz and Milner, Louise D and Landmesser, Lynn T},
  journal={Brain research reviews},
  volume={57},
  number={1},
  pages={77--85},
  year={2008},
  publisher={Elsevier}
}
