@article{harris1989local,
  title={Local positional cues in the neuroepithelium guide retinal axons in embryonic Xenopus brain},
  author={Harris, William A},
  year={1989},
  publisher={Nature Publishing Group}
}
