@article{harris1987retinal,
  title={Retinal axons with and without their somata, growing to and arborizing in the tectum of Xenopus embryos: a time-lapse video study of single fibres in vivo},
  author={Harris, WILLIAM A and Holt, CHRISTINE E and Bonhoeffer, FRIEDRICH},
  journal={Development},
  volume={101},
  number={1},
  pages={123--133},
  year={1987},
  publisher={Oxford University Press for The Company of Biologists Limited}
}
