@article{harrison1910outgrowth,
  title={The outgrowth of the nerve fiber as a mode of protoplasmic movement},
  author={Harrison, Ross Granville},
  journal={Journal of Experimental Zoology},
  volume={9},
  number={4},
  pages={787--846},
  year={1910},
  publisher={Wiley Online Library}
}
