@article{henkemeyer1996nuk,
  title={Nuk controls pathfinding of commissural axons in the mammalian central nervous system},
  author={Henkemeyer, Mark and Orioli, Donata and Henderson, Jeffrey T and Saxton, Tracy M and Roder, John and Pawson, Tony and Klein, R{\"u}diger},
  journal={Cell},
  volume={86},
  number={1},
  pages={35--46},
  year={1996},
  publisher={Elsevier}
}
