@article{herrera2003zic2,
  title={Zic2 patterns binocular vision by specifying the uncrossed retinal projection},
  author={Herrera, Elo{\i}ÃÅsa and Brown, Lucia and Aruga, Jun and Rachel, Rivka A and Dolen, G{\"u}l and Mikoshiba, Katsuhiko and Brown, Stephen and Mason, Carol A},
  journal={Cell},
  volume={114},
  number={5},
  pages={545--557},
  year={2003},
  publisher={Elsevier}
}
