@article{herrera2008genetics,
  title={Genetics and development of the optic chiasm},
  author={Herrera, Eloisa and Garcia-Frigola, Cristina},
  year={2008},
  publisher={Frontiers in Bioscience Publications}
}
