@article{higenell2012expression,
  title={Expression patterns of Ephs and ephrins throughout retinotectal development in Xenopus laevis},
  author={Higenell, Valerie and Han, Sang Myung and Feldheim, David A and Scalia, Frank and Ruthazer, Edward S},
  journal={Developmental neurobiology},
  volume={72},
  number={4},
  pages={547--563},
  year={2012},
  publisher={Wiley Online Library}
}
