@article{hindges2002ephb,
  title={EphB forward signaling controls directional branch extension and arborization required for dorsal-ventral retinotopic mapping},
  author={Hindges, Robert and McLaughlin, Todd and Genoud, Nicolas and Henkemeyer, Mark and O'Leary, Dennis DM},
  journal={Neuron},
  volume={35},
  number={3},
  pages={475--487},
  year={2002},
  publisher={Elsevier}
}
