@article{ho1982peripheral,
  title={Peripheral pathways are pioneered by an array of central and peripheral neurones in grasshopper embryos},
  author={Ho, Robert K and Goodman, Corey S},
  year={1982},
  publisher={Nature Publishing Group}
}
