@article{hofer2006topography,
  title={Topography of the human corpus callosum revisitedâ€”comprehensive fiber tractography using diffusion tensor magnetic resonance imaging},
  author={Hofer, Sabine and Frahm, Jens},
  journal={Neuroimage},
  volume={32},
  number={3},
  pages={989--994},
  year={2006},
  publisher={Elsevier}
}
