@article{hohl1991topographical,
  title={Topographical mapping of the thalamocortical projections in rodents and comparison with that in primates},
  author={H{\"o}hl-Abrah{\~a}o, JC and Creutzfeldt, OD},
  journal={Experimental brain research},
  volume={87},
  number={2},
  pages={283--294},
  year={1991},
  publisher={Springer}
}
