@article{hollyday1981rules,
  title={Rules of motor innervation in chick embryos with supernumerary limbs},
  author={Hollyday, Margaret},
  journal={Journal of Comparative Neurology},
  volume={202},
  number={3},
  pages={439--465},
  year={1981},
  publisher={Wiley Online Library}
}
