@article{holmes1998genetic,
  title={Genetic analysis of Drosophila larval optic nerve development},
  author={Holmes, Amy L and Raper, R Nathan and Heilig, Joseph S},
  journal={Genetics},
  volume={148},
  number={3},
  pages={1189--1201},
  year={1998},
  publisher={Genetics Soc America}
}
