@article{holt1984does,
  title={Does timing of axon outgrowth influence initial retinotectal topography in Xenopus?},
  author={Holt, CHRISTINE E},
  journal={The Journal of neuroscience},
  volume={4},
  number={4},
  pages={1130--1152},
  year={1984},
  publisher={Soc Neuroscience}
}
