@article{holt2005sugar,
  title={Sugar codes for axons?},
  author={Holt, Christine E and Dickson, Barry J},
  journal={Neuron},
  volume={46},
  number={2},
  pages={169--172},
  year={2005},
  publisher={Elsevier}
}
