@article{homma2009expression,
  title={Expression pattern of LRR and Ig domain-containing protein (LRRIG protein) in the early mouse embryo},
  author={Homma, Shunsaku and Shimada, Takako and Hikake, Tsuyoshi and Yaginuma, Hiroyuki},
  journal={Gene Expression Patterns},
  volume={9},
  number={1},
  pages={1--26},
  year={2009},
  publisher={Elsevier}
}
