@article{honig1989dil,
  title={Dil and diO: versatile fluorescent dyes for neuronal labelling and pathway tracing},
  author={Honig, Marcia G and Hume, Richard I},
  journal={Trends in neurosciences},
  volume={12},
  number={9},
  pages={333--341},
  year={1989},
  publisher={Elsevier}
}
