@article{honig1982development,
  title={The development of sensory projection patterns in embryonic chick hind limb.},
  author={Honig, MG},
  journal={The Journal of physiology},
  volume={330},
  pages={175},
  year={1982},
  publisher={Wiley-Blackwell}
}
