@article{honig1998spatial,
  title={The spatial relationships among cutaneous, muscle sensory and motoneuron axons during development of the chick hindlimb},
  author={Honig, Marcia G and Frase, Priscilla A and Camilli, Suzanne J},
  journal={Development},
  volume={125},
  number={6},
  pages={995--1004},
  year={1998},
  publisher={The Company of Biologists Limited}
}
