@article{hope1976arrow,
  title={The arrow model: retinotectal specificity and map formation in the goldfish visual system},
  author={Hope, RA and Hammond, BJ and Gaze, RM},
  journal={Proceedings of the Royal Society of London. Series B. Biological Sciences},
  volume={194},
  number={1117},
  pages={447--466},
  year={1976},
  publisher={The Royal Society}
}
