@article{hopkins2014semi,
  title={Semi-automatic quantification of neurite fasciculation in high-density neurite images by the neurite directional distribution analysis (NDDA)},
  author={Hopkins, Amy M and Wheeler, Brandon and Staii, Cristian and Kaplan, David L and Atherton, Timothy J},
  journal={Journal of neuroscience methods},
  volume={228},
  pages={100--109},
  year={2014},
  publisher={Elsevier}
}
