@article{horng2009differential,
  title={Differential gene expression in the developing lateral geniculate nucleus and medial geniculate nucleus reveals novel roles for Zic4 and Foxp2 in visual and auditory pathway development},
  author={Horng, Sam and Kreiman, Gabriel and Ellsworth, Charlene and Page, Damon and Blank, Marissa and Millen, Kathleen and Sur, Mriganka},
  journal={The Journal of Neuroscience},
  volume={29},
  number={43},
  pages={13672--13683},
  year={2009},
  publisher={Soc Neuroscience}
}
