@article{hornberg2016hermes,
  title={Hermes regulates axon sorting in the optic tract by post-transcriptional regulation of Neuropilin 1},
  author={H{\"o}rnberg, Hanna and Cioni, Jean-Michel and Harris, William A and Holt, Christine E},
  journal={Journal of Neuroscience},
  pages={2400--16},
  year={2016},
  publisher={Soc Neuroscience}
}
