@article{horton1979non,
  title={Non-retinotopic arrangement of fibres in cat optic nerve},
  author={Horton, Jonathan C and Greenwood, Martha M and Hubel, David H},
  journal={Nature},
  volume={282},
  number={5740},
  pages={720--722},
  year={1979}
}
