@article{howell2007molecular,
  title={Molecular guidance cues necessary for axon pathfinding from the ventral cochlear nucleus},
  author={Howell, David M and Morgan, Warren J and Jarjour, Andrew A and Spirou, George A and Berrebi, Albert S and Kennedy, Timothy E and Mathers, Peter H},
  journal={Journal of Comparative Neurology},
  volume={504},
  number={5},
  pages={533--549},
  year={2007},
  publisher={Wiley Online Library}
}
