@article{hsieh2010ephrin,
  title={Ephrin-B reverse signaling is required for formation of strictly contralateral auditory brainstem pathways},
  author={Hsieh, Candace Y and Nakamura, Paul A and Luk, Samantha O and Miko, Ilona J and Henkemeyer, Mark and Cramer, Karina S},
  journal={The Journal of Neuroscience},
  volume={30},
  number={29},
  pages={9840--9849},
  year={2010},
  publisher={Soc Neuroscience}
}
