@article{hsieh2014control,
  title={Control of axon--axon attraction by Semaphorin reverse signaling},
  author={Hsieh, Hsiao-Han and Chang, Wen-Tzu and Yu, Li and Rao, Yong},
  journal={Proceedings of the National Academy of Sciences},
  volume={111},
  number={31},
  pages={11383--11388},
  year={2014},
  publisher={National Acad Sciences}
}
