@article{huberman2009genetic,
  title={Genetic identification of an On-Off direction-selective retinal ganglion cell subtype reveals a layer-specific subcortical map of posterior motion},
  author={Huberman, Andrew D and Wei, Wei and Elstrott, Justin and Stafford, Ben K and Feller, Marla B and Barres, Ben A},
  journal={Neuron},
  volume={62},
  number={3},
  pages={327--334},
  year={2009},
  publisher={Elsevier}
}
