@article{huberman2008mechanisms,
  title={Mechanisms underlying development of visual maps and receptive fields},
  author={Huberman, Andrew D and Feller, Marla B and Chapman, Barbara},
  journal={Annual review of neuroscience},
  volume={31},
  pages={479},
  year={2008},
  publisher={NIH Public Access}
}
