@article{huberman2008architecture,
  title={Architecture and activity-mediated refinement of axonal projections from a mosaic of genetically identified retinal ganglion cells},
  author={Huberman, Andrew D and Manu, Mihai and Koch, Selina M and Susman, Michael W and Lutz, Amanda Brosius and Ullian, Erik M and Baccus, Stephen A and Barres, Ben A},
  journal={Neuron},
  volume={59},
  number={3},
  pages={425--438},
  year={2008},
  publisher={Elsevier}
}
