@article{huber2005distinct,
  title={Distinct roles for secreted semaphorin signaling in spinal motor axon guidance},
  author={Huber, Andrea B and Kania, Artur and Tran, Tracy S and Gu, Chenghua and De Marco Garcia, Natalia and Lieberam, Ivo and Johnson, Dontais and Jessell, Thomas M and Ginty, David D and Kolodkin, Alex L},
  journal={Neuron},
  volume={48},
  number={6},
  pages={949--964},
  year={2005},
  publisher={Elsevier}
}
