@article{huberman2007mechanisms,
  title={Mechanisms of eye-specific visual circuit development},
  author={Huberman, Andrew D},
  journal={Current opinion in neurobiology},
  volume={17},
  number={1},
  pages={73--80},
  year={2007},
  publisher={Elsevier}
}
