@article{huberman2005ephrin,
  title={Ephrin-As mediate targeting of eye-specific projections to the lateral geniculate nucleus},
  author={Huberman, Andrew D and Murray, Karl D and Warland, David K and Feldheim, David A and Chapman, Barbara},
  journal={Nature neuroscience},
  volume={8},
  number={8},
  pages={1013--1021},
  year={2005},
  publisher={Nature Publishing Group}
}
