@article{huberman2003eye,
  title={Eye-specific retinogeniculate segregation independent of normal neuronal activity},
  author={Huberman, Andrew D and Wang, Guo-Yong and Liets, Lauren C and Collins, Odell A and Chapman, Barbara and Chalupa, Leo M},
  journal={Science},
  volume={300},
  number={5621},
  pages={994--998},
  year={2003},
  publisher={American Association for the Advancement of Science}
}
