@article{huberman2002decoupling,
  title={Decoupling eye-specific segregation from lamination in the lateral geniculate nucleus},
  author={Huberman, Andrew D and Stellwagen, David and Chapman, Barbara},
  journal={The Journal of neuroscience},
  volume={22},
  number={21},
  pages={9419--9429},
  year={2002},
  publisher={Soc Neuroscience}
}
