@article{huberman2005early,
  title={Early and rapid targeting of eye-specific axonal projections to the dorsal lateral geniculate nucleus in the fetal macaque},
  author={Huberman, Andrew D and Dehay, Colette and Berland, Michel and Chalupa, Leo M and Kennedy, Henry},
  journal={The Journal of neuroscience},
  volume={25},
  number={16},
  pages={4014--4023},
  year={2005},
  publisher={Soc Neuroscience}
}
