@article{huettl2012fasciculation,
  title={Fasciculation and guidance of spinal motor axons in the absence of FGFR2 signaling},
  author={Huettl, Rosa-Eva and Haehl, Teresa and Huber, Andrea B},
  journal={PloS one},
  volume={7},
  number={7},
  pages={e41095},
  year={2012},
  publisher={Public Library of Science}
}
