@article{huettl2011npn,
  title={Npn-1 contributes to axon-axon interactions that differentially control sensory and motor innervation of the limb},
  author={Huettl, Rosa-Eva and Soellner, Heidi and Bianchi, Elisa and Novitch, Bennett G and Huber, Andrea B},
  journal={PLoS biology},
  volume={9},
  number={2},
  pages={e1001020},
  year={2011},
  publisher={Public Library of Science}
}
