@article{hutson2002pathfinding,
  title={Pathfinding and error correction by retinal axons: the role of astray/robo2},
  author={Hutson, Lara D and Chien, Chi-Bin},
  journal={Neuron},
  volume={33},
  number={2},
  pages={205--217},
  year={2002},
  publisher={Elsevier}
}
