@article{ichijo2006restricted,
  title={Restricted distribution of D-unit-rich chondroitin sulfate carbohydrate chains in the neuropil encircling the optic tract and on a subset of retinal axons in chick embryos},
  author={Ichijo, Hiroyuki},
  journal={Journal of Comparative Neurology},
  volume={495},
  number={4},
  pages={470--479},
  year={2006},
  publisher={Wiley Online Library}
}
