@article{ikawa1995rapid,
  title={A rapid and non-invasive selection of transgenic embryos before implantation using green fluorescent protein (GFP)},
  author={Ikawa, Masahito and Kominami, Katsuya and Yoshimura, Yasuhide and Tanaka, Keiichi and Nishimune, Yoshitake and Okabe, Masaru},
  journal={FEBS letters},
  volume={375},
  number={1-2},
  pages={125--128},
  year={1995},
  publisher={Wiley Online Library}
}
