@article{imai2009pre,
  title={Pre-target axon sorting establishes the neural map topography},
  author={Imai, Takeshi and Yamazaki, Takahiro and Kobayakawa, Reiko and Kobayakawa, Ko and Abe, Takaya and Suzuki, Misao and Sakano, Hitoshi},
  journal={Science},
  volume={325},
  number={5940},
  pages={585--590},
  year={2009},
  publisher={American Association for the Advancement of Science}
}
