@article{imai2011axon,
  title={Axon--axon interactions in neuronal circuit assembly: lessons from olfactory map formation},
  author={Imai, Takeshi and Sakano, Hitoshi},
  journal={European Journal of Neuroscience},
  volume={34},
  number={10},
  pages={1647--1654},
  year={2011},
  publisher={Wiley Online Library}
}
