@article{imai2006odorant,
  title={Odorant receptor--derived cAMP signals direct axonal targeting},
  author={Imai, Takeshi and Suzuki, Misao and Sakano, Hitoshi},
  journal={Science},
  volume={314},
  number={5799},
  pages={657--661},
  year={2006},
  publisher={American Association for the Advancement of Science}
}
