@article{inatani2003mammalian,
  title={Mammalian brain morphogenesis and midline axon guidance require heparan sulfate},
  author={Inatani, Masaru and Irie, Fumitoshi and Plump, Andrew S and Tessier-Lavigne, Marc and Yamaguchi, Yu},
  journal={Science},
  volume={302},
  number={5647},
  pages={1044--1046},
  year={2003},
  publisher={American Association for the Advancement of Science}
}
