@article{islam2009draxin,
  title={Draxin, a repulsive guidance protein for spinal cord and forebrain commissures},
  author={Islam, Shahidul M and Shinmyo, Yohei and Okafuji, Tatsuya and Su, Yuhong and Naser, Iftekhar Bin and Ahmed, Giasuddin and Zhang, Sanbing and Chen, Sandy and Ohta, Kunimasa and Kiyonari, Hiroshi and others},
  journal={Science},
  volume={323},
  number={5912},
  pages={388--393},
  year={2009},
  publisher={American Association for the Advancement of Science}
}
