@article{itoh1997activity,
  title={Activity-dependent regulation of N-cadherin in DRG neurons: differential regulation of N-cadherin, NCAM, and L1 by distinct patterns of action potentials},
  author={Itoh, Kouichi and Ozaki, Miwako and Stevens, Beth and Fields, R Douglas},
  journal={Journal of neurobiology},
  volume={33},
  number={6},
  pages={735--748},
  year={1997},
  publisher={[New York] Wiley-Interscience, 1969-2006.}
}
