@article{jaaoini2016syk,
  title={Syk kinases are required for spinal commissural axon repulsion at the midline via ephrin/Eph pathway},
  author={Jaaoini, Iness and Charoy, Camille and Watrin, Chantal and Chounlamountri, Naura and Benon, Aur{\'e}lien and Malleval, C{\'e}line and Boudin, H{\'e}l{\`e}ne and Honnorat, J{\'e}r{\^o}me and Castellani, Val{\'e}rie and Pellier-Monnin, V{\'e}ronique and others},
  journal={Development},
  pages={dev--128629},
  year={2016},
  publisher={Oxford University Press for The Company of Biologists Limited}
}
