%% This BibTeX bibliography file was created using BibDesk.
%% http://bibdesk.sourceforge.net/


%% Created for Austen Sitko at 2016-12-03 20:55:01 -0500 


%% Saved with string encoding Unicode (UTF-8) 



@article{jaubert2005structural,
	Author = {Jaubert-Miazza, Lisa and Green, Erick and Lo, Fu-Sun and Bui, Kim and Mills, Jeremy and Guido, William},
	Date-Modified = {2016-12-04 01:54:59 +0000},
	Journal = {Visual neuroscience},
	Number = {05},
	Pages = {661--676},
	Publisher = {Cambridge Univ Press},
	Title = {Structural and functional composition of the developing retinogeniculate pathway in the mouse},
	Volume = {22},
	Year = {2005}}
