@article{jaworski2012autocrine,
  title={Autocrine/juxtaparacrine regulation of axon fasciculation by Slit-Robo signaling},
  author={Jaworski, Alexander and Tessier-Lavigne, Marc},
  journal={Nature neuroscience},
  volume={15},
  number={3},
  pages={367--369},
  year={2012},
  publisher={Nature Publishing Group}
}
