@article{jeffery2005variations,
  title={Variations in the architecture and development of the vertebrate optic chiasm},
  author={Jeffery, Glen and Erskine, Lynda},
  journal={Progress in retinal and eye research},
  volume={24},
  number={6},
  pages={721--753},
  year={2005},
  publisher={Elsevier}
}
