@article{jeffery2001architecture,
  title={Architecture of the optic chiasm and the mechanisms that sculpt its development},
  author={Jeffery, Glen},
  journal={Physiological Reviews},
  volume={81},
  number={4},
  pages={1393--1414},
  year={2001},
  publisher={Am Physiological Soc}
}
