%% This BibTeX bibliography file was created using BibDesk.
%% http://bibdesk.sourceforge.net/


%% Created for Austen Sitko at 2016-11-26 21:11:33 -0500 


%% Saved with string encoding Unicode (UTF-8) 



@article{jessell1988adhesion,
	Author = {Jessell, TM},
	Date-Modified = {2016-11-27 02:11:22 +0000},
	Journal = {Neuron},
	Month = {March},
	Number = {1},
	Pages = {3-13},
	Title = {Adhesion molecules and the hierarchy of neural development},
	Volume = {1},
	Year = {1988}}
