@article{johnson2004axonal,
  title={Axonal heparan sulfate proteoglycans regulate the distribution and efficiency of the repellent slit during midline axon guidance},
  author={Johnson, Karl G and Ghose, Aurnab and Epstein, Elizabeth and Lincecum, John and O'Connor, Michael B and Van Vactor, David},
  journal={Current Biology},
  volume={14},
  number={6},
  pages={499--504},
  year={2004},
  publisher={Elsevier}
}
