@article{joo2013linking,
  title={Linking cell fate, trajectory choice, and target selection: genetic analysis of Sema-2b in olfactory axon targeting},
  author={Joo, William J and Sweeney, Lora B and Liang, Liang and Luo, Liqun},
  journal={Neuron},
  volume={78},
  number={4},
  pages={673--686},
  year={2013},
  publisher={Elsevier}
}
