@article{josten20108,
  title={8 Milestones and Mechanisms for Generating Specific Synaptic Connections between the Eyes and the Brain},
  author={Josten, Nicko J and Huberman, Andrew D},
  journal={Current topics in developmental biology},
  volume={93},
  pages={229},
  year={2010}
}
