@article{kalil2014branch,
  title={Branch management: mechanisms of axon branching in the developing vertebrate CNS},
  author={Kalil, Katherine and Dent, Erik W},
  journal={Nature Reviews Neuroscience},
  volume={15},
  number={1},
  pages={7--18},
  year={2014},
  publisher={Nature Publishing Group}
}
