@article{kamiguchi1998adhesion,
  title={Adhesion molecules and inherited diseases of the human nervous system},
  author={Kamiguchi, H and Hlavin, ML and Yamasaki, M and Lemmon, V},
  journal={Annual review of neuroscience},
  volume={21},
  number={1},
  pages={97--125},
  year={1998},
  publisher={Annual Reviews 4139 El Camino Way, PO Box 10139, Palo Alto, CA 94303-0139, USA}
}
