@article{kaneko2003interaxonal,
  title={Interaxonal Eph-ephrin signaling may mediate sorting of olfactory sensory axons in Manduca sexta},
  author={Kaneko, Megumi and Nighorn, Alan},
  journal={The Journal of neuroscience},
  volume={23},
  number={37},
  pages={11523--11538},
  year={2003},
  publisher={Soc Neuroscience}
}
