@incollection{kania2014spinal,
  title={Spinal motor neuron migration and the significance of topographic organization in the nervous system},
  author={Kania, Artur},
  booktitle={Cellular and Molecular Control of Neuronal Migration},
  pages={133--148},
  year={2014},
  publisher={Springer}
}
