@article{kania2016mechanisms,
  title={Mechanisms of ephrin-Eph signalling in development, physiology and disease},
  author={Kania, Artur and Klein, R{\"u}diger},
  journal={Nature Reviews Molecular Cell Biology},
  volume={17},
  number={4},
  pages={240--256},
  year={2016},
  publisher={Nature Publishing Group}
}
