@inproceedings{kao2012eph,
  title={Eph and ephrin signaling: lessons learned from spinal motor neurons},
  author={Kao, Tzu-Jen and Law, Chris and Kania, Artur},
  booktitle={Seminars in cell \& developmental biology},
  volume={23},
  number={1},
  pages={83--91},
  year={2012},
  organization={Elsevier}
}
