@article{kao2011ephrin,
  title={Ephrin-mediated cis-attenuation of Eph receptor signaling is essential for spinal motor axon guidance},
  author={Kao, Tzu-Jen and Kania, Artur},
  journal={Neuron},
  volume={71},
  number={1},
  pages={76--91},
  year={2011},
  publisher={Elsevier}
}
