@article{kapfhammer1986selective,
  title={The selective inhibition of growth cone extension by specific neurites in culture},
  author={Kapfhammer, Josef P and Grunewald, Barbara E and Raper, Jonathan A},
  journal={The Journal of neuroscience},
  volume={6},
  number={9},
  pages={2527--2534},
  year={1986},
  publisher={Soc Neuroscience}
}
