@article{karlstrom1996zebrafish,
  title={Zebrafish mutations affecting retinotectal axon pathfinding},
  author={Karlstrom, Rolf O and Trowe, Torsten and Klostermann, Stefan and Baier, Herwig and Brand, Michael and Crawford, Alexander D and Grunewald, Barbara and Haffter, Pascal and Hoffmann, Heike and Meyer, Stefan U and others},
  journal={Development},
  volume={123},
  number={1},
  pages={427--438},
  year={1996},
  publisher={The Company of Biologists Limited}
}
