@article{kashima2013pre,
  title={Pre-target axon sorting in the avian auditory brainstem},
  author={Kashima, Daniel T and Rubel, Edwin W and Seidl, Armin H},
  journal={Journal of Comparative Neurology},
  volume={521},
  number={10},
  pages={2310--2320},
  year={2013},
  publisher={Wiley Online Library}
}
