@article{kastenhuber2009netrin,
  title={Netrin-DCC, Robo-Slit, and heparan sulfate proteoglycans coordinate lateral positioning of longitudinal dopaminergic diencephalospinal axons},
  author={Kastenhuber, Edda and Kern, Ursula and Bonkowsky, Joshua L and Chien, Chi-Bin and Driever, Wolfgang and Schweitzer, Joern},
  journal={The Journal of Neuroscience},
  volume={29},
  number={28},
  pages={8914--8926},
  year={2009},
  publisher={Soc Neuroscience}
}
