@article{keller2015visualizing,
  title={Visualizing whole-brain activity and development at the single-cell level using light-sheet microscopy},
  author={Keller, Philipp J and Ahrens, Misha B},
  journal={Neuron},
  volume={85},
  number={3},
  pages={462--483},
  year={2015},
  publisher={Elsevier}
}
