@article{killackey1995formation,
  title={The formation of a cortical somatotopic map},
  author={Killackey, Herbert P and Rhoades, Robert W and Bennett-Clarke, Carol A},
  journal={Trends in neurosciences},
  volume={18},
  number={9},
  pages={402--407},
  year={1995},
  publisher={Elsevier}
}
