@article{kim1991morphology,
  title={Morphology of pioneer and follower growth cones in the developing cerebral cortex},
  author={Kim, Gina J and Shatz, Carla J and McConnell, Susan K},
  journal={Journal of neurobiology},
  volume={22},
  number={6},
  pages={629--642},
  year={1991},
  publisher={Wiley Online Library}
}
