@article{kinnunen1998n,
  title={N-Syndecan and HB-GAM (Heparin-Binding Growth-Associated Molecule) associate with early axonal tracts in the rat brain},
  author={Kinnunen, Anu and Kinnunen, Tarja and Kaksonen, Marko and Nolo, Riitta and Panula, Pertti and Rauvala, Heikki},
  journal={European Journal of Neuroscience},
  volume={10},
  number={2},
  pages={635--648},
  year={1998},
  publisher={Wiley Online Library}
}
