@article{kita2015influence,
  title={The influence of activity on axon pathfinding in the optic tectum},
  author={Kita, Elizabeth M and Scott, Ethan K and Goodhill, Geoffrey J},
  journal={Developmental neurobiology},
  year={2015},
  publisher={Wiley Online Library}
}
