@article{klein2005axon,
  title={Axon guidance: opposing EPHects in the growth cone},
  author={Klein, R{\"u}diger},
  journal={Cell},
  volume={121},
  number={1},
  pages={4--6},
  year={2005},
  publisher={Elsevier}
}
