@article{klein2014ephrin,
  title={Ephrin signalling in the developing nervous system},
  author={Klein, R{\"u}diger and Kania, Artur},
  journal={Current opinion in neurobiology},
  volume={27},
  pages={16--24},
  year={2014},
  publisher={Elsevier}
}
