@article{klose1989transient,
  title={Transient pioneer neurons are essential for formation of an embryonic peripheral nerve},
  author={Klose, Monika and Bentley, David},
  journal={Science},
  volume={245},
  number={4921},
  pages={982--984},
  year={1989},
  publisher={American Association for the Advancement of Science}
}
