@article{knoll2002ephrin,
  title={Ephrin-As as receptors in topographic projections},
  author={Kn{\"o}ll, Bernd and Drescher, Uwe},
  journal={Trends in neurosciences},
  volume={25},
  number={3},
  pages={145--149},
  year={2002},
  publisher={Elsevier}
}
