@article{koch2011pathway,
  title={Pathway-specific genetic attenuation of glutamate release alters select features of competition-based visual circuit refinement},
  author={Koch, Selina M and Cruz, Cassandra G Dela and Hnasko, Thomas S and Edwards, Robert H and Huberman, Andrew D and Ullian, Erik M},
  journal={Neuron},
  volume={71},
  number={2},
  pages={235--242},
  year={2011},
  publisher={Elsevier}
}
