@article{kolodkin2011mechanisms,
  title={Mechanisms and molecules of neuronal wiring: a primer},
  author={Kolodkin, Alex L and Tessier-Lavigne, Marc},
  journal={Cold Spring Harbor perspectives in biology},
  volume={3},
  number={6},
  pages={a001727},
  year={2011},
  publisher={Cold Spring Harbor Lab}
}
