@article{koser2016mechanosensing,
  title={Mechanosensing is critical for axon growth in the developing brain},
  author={Koser, David E and Thompson, Amelia J and Foster, Sarah K and Dwivedy, Asha and Pillai, Eva K and Sheridan, Graham K and Svoboda, Hanno and Viana, Matheus and da F Costa, Luciano and Guck, Jochen and others},
  journal={Nature Neuroscience},
  year={2016},
  publisher={Nature Research}
}
