@article{koundakjian2007auditory,
  title={Auditory neurons make stereotyped wiring decisions before maturation of their targets},
  author={Koundakjian, Edmund J and Appler, Jessica L and Goodrich, Lisa V},
  journal={The Journal of Neuroscience},
  volume={27},
  number={51},
  pages={14078--14088},
  year={2007},
  publisher={Soc Neuroscience}
}
