@article{krahe2011morphologically,
  title={Morphologically distinct classes of relay cells exhibit regional preferences in the dorsal lateral geniculate nucleus of the mouse},
  author={Krahe, Thomas E and El-Danaf, Rana N and Dilger, Emily K and Henderson, Scott C and Guido, William},
  journal={The Journal of Neuroscience},
  volume={31},
  number={48},
  pages={17437--17448},
  year={2011},
  publisher={Soc Neuroscience}
}
