@article{kriebel2014three,
  title={Three-dimensional configuration of orientated fibers as guidance structures for cell migration and axonal growth},
  author={Kriebel, Andreas and Rumman, Muhammad and Scheld, Miriam and Hodde, Dorothee and Brook, Gary and Mey, J{\"o}rg},
  journal={Journal of Biomedical Materials Research Part B: Applied Biomaterials},
  volume={102},
  number={2},
  pages={356--365},
  year={2014},
  publisher={Wiley Online Library}
}
