@article{kubicki2007review,
  title={A review of diffusion tensor imaging studies in schizophrenia},
  author={Kubicki, Marek and McCarley, Robert and Westin, Carl-Fredrik and Park, Hae-Jeong and Maier, Stephan and Kikinis, Ron and Jolesz, Ferenc A and Shenton, Martha E},
  journal={Journal of psychiatric research},
  volume={41},
  number={1},
  pages={15--30},
  year={2007},
  publisher={Elsevier}
}
