@article{kukreja2016identification,
  title={Identification of novel candidate regulators of retinotectal map formation through transcriptional profiling of the chick optic tectum},
  author={Kukreja, Shweta and Gautam, Pratibha and Saxena, Richa and Saxena, Monika and Udaykumar, Niveda and Kumar, Aditi and Bhatt, Ritesh and Kumar, Vidur and Sen, Jonaki},
  journal={Journal of Comparative Neurology},
  year={2016},
  publisher={Wiley Online Library}
}
