@article{kunz1998neurite,
  title={Neurite fasciculation mediated by complexes of axonin-1 and Ng cell adhesion molecule},
  author={Kunz, Stefan and Spirig, Marianne and Ginsburg, Claudia and Buchstaller, Andrea and Berger, Philipp and Lanz, Rainer and Rader, Christoph and Vogt, Lorenz and Kunz, Beat and Sonderegger, Peter},
  journal={The Journal of cell biology},
  volume={143},
  number={6},
  pages={1673--1690},
  year={1998},
  publisher={Rockefeller Univ Press}
}
