@article{kunz2002axonin,
  title={Axonin-1/TAG-1 mediates cell-cell adhesion by a cis-assisted trans-interaction},
  author={Kunz, Beat and Lierheimer, Ruth and Rader, Christoph and Spirig, Marianne and Ziegler, Urs and Sonderegger, Peter},
  journal={Journal of Biological Chemistry},
  volume={277},
  number={6},
  pages={4551--4557},
  year={2002},
  publisher={ASBMB}
}
