@article{kuwajima2013cleart,
  title={ClearT: a detergent-and solvent-free clearing method for neuronal and non-neuronal tissue},
  author={Kuwajima, Takaaki and Sitko, Austen A and Bhansali, Punita and Jurgens, Chris and Guido, William and Mason, Carol},
  journal={Development},
  volume={140},
  number={6},
  pages={1364--1368},
  year={2013},
  publisher={Oxford University Press for The Company of Biologists Limited}
}
