@article{kuwada1986cell,
  title={Cell recognition by neuronal growth cones in a simple vertebrate embryo},
  author={Kuwada, John Y},
  journal={Science},
  volume={233},
  number={4765},
  pages={740--746},
  year={1986}
}
