@article{kuwajima2012optic,
  title={Optic chiasm presentation of Semaphorin6D in the context of Plexin-A1 and Nr-CAM promotes retinal axon midline crossing},
  author={Kuwajima, Takaaki and Yoshida, Yutaka and Takegahara, Noriko and Petros, Timothy J and Kumanogoh, Atsushi and Jessell, Thomas M and Sakurai, Takeshi and Mason, Carol},
  journal={Neuron},
  volume={74},
  number={4},
  pages={676--690},
  year={2012},
  publisher={Elsevier}
}
