@article{lance1981pathway,
  title={Pathway selection by chick lumbosacral motoneurons during normal development},
  author={Lance-Jones, Cynthia and Landmesser, Lynn},
  journal={Proceedings of the Royal Society of London. Series B. Biological Sciences},
  volume={214},
  number={1194},
  pages={1--18},
  year={1981},
  publisher={The Royal Society}
}
