@article{landmesser1988distinct,
  title={Distinct roles for adhesion molecules during innervation of embryonic chick muscle},
  author={Landmesser, Lynn and Dahm, Lisa and Schultz, Kathryn and Rutishauser, Urs},
  journal={Developmental biology},
  volume={130},
  number={2},
  pages={645--670},
  year={1988},
  publisher={Elsevier}
}
