@article{landmesser1986altered,
  title={Altered sensory projections in the chick hind limb following the early removal of motoneurons},
  author={Landmesser, Lynn and Honig, Marcia G},
  journal={Developmental biology},
  volume={118},
  number={2},
  pages={511--531},
  year={1986},
  publisher={Elsevier}
}
