@article{landmesser2001acquisition,
  title={The acquisition of motoneuron subtype identity and motor circuit formation},
  author={Landmesser, Lynn T},
  journal={International Journal of Developmental Neuroscience},
  volume={19},
  number={2},
  pages={175--182},
  year={2001},
  publisher={Elsevier}
}
