@article{land1973localized,
  title={Localized projection of olfactory nerves to rabbit olfactory bulb},
  author={Land, Lanay J},
  journal={Brain research},
  volume={63},
  pages={153--166},
  year={1973},
  publisher={Elsevier}
}
