@article{landmesser1978development,
  title={The development of motor projection patterns in the chick hind limb.},
  author={Landmesser, LYNN},
  journal={The Journal of physiology},
  volume={284},
  number={1},
  pages={391--414},
  year={1978},
  publisher={Wiley Online Library}
}
