@inproceedings{leamey2014teneurins,
  title={The teneurins: New players in the generation of visual topography},
  author={Leamey, Catherine A and Sawatari, Atomu},
  booktitle={Seminars in cell \& developmental biology},
  volume={35},
  pages={173--179},
  year={2014},
  organization={Elsevier}
}
