@article{leamey2007ten_m3,
  title={Ten\_m3 regulates eye-specific patterning in the mammalian visual pathway and is required for binocular vision},
  author={Leamey, Catherine A and Merlin, Sam and Lattouf, Paul and Sawatari, Atomu and Zhou, Xiaohong and Demel, Natasha and Glendining, Kelly A and Oohashi, Toshitaka and Sur, Mriganka and F{\"a}ssler, Reinhard},
  journal={PLoS Biol},
  volume={5},
  number={9},
  pages={e241},
  year={2007},
  publisher={Public Library of Science}
}
