@incollection{learte2007role,
  title={The role of glial cells in axon guidance, fasciculation and targeting},
  author={Learte, Anabel R and Hidalgo, Alicia},
  booktitle={Axon Growth and Guidance},
  pages={156--166},
  year={2007},
  publisher={Springer}
}
