@article{lee2008zic2,
  title={Zic2 regulates retinal ganglion cell axon avoidance of ephrinB2 through inducing expression of the guidance receptor EphB1},
  author={Lee, Ramee and Petros, Timothy J and Mason, Carol A},
  journal={The Journal of Neuroscience},
  volume={28},
  number={23},
  pages={5910--5919},
  year={2008},
  publisher={Soc Neuroscience}
}
