@article{lee2004axon,
  title={Axon Sorting in the Optic Tract Requires HSPG Synthesis by< i> ext2</i>(< i> dackel</i>) and< i> extl3</i>(< i> boxer</i>)},
  author={Lee, Jeong-Soo and von der Hardt, Sophia and Rusch, Melissa A and Stringer, Sally E and Stickney, Heather L and Talbot, William S and Geisler, Robert and N{\"u}sslein-Volhard, Christiane and Selleck, Scott B and Chien, Chi-Bin and others},
  journal={Neuron},
  volume={44},
  number={6},
  pages={947--960},
  year={2004},
  publisher={Elsevier}
}
