@article{lee2013interactions,
  title={Interactions between a receptor tyrosine phosphatase and a cell surface ligand regulate axon guidance and glial-neuronal communication},
  author={Lee, Hyung-Kook Peter and Cording, Amy and Vielmetter, Jost and Zinn, Kai},
  journal={Neuron},
  volume={78},
  number={5},
  pages={813--826},
  year={2013},
  publisher={Elsevier}
}
