@article{lee2004sugars,
  title={When sugars guide axons: insights from heparan sulphate proteoglycan mutants},
  author={Lee, Jeong-Soo and Chien, Chi-Bin},
  journal={Nature Reviews Genetics},
  volume={5},
  number={12},
  pages={923--935},
  year={2004},
  publisher={Nature Publishing Group}
}
