@article{lemke2001glial,
  title={Glial control of neuronal development},
  author={Lemke, Greg},
  journal={Annual review of neuroscience},
  volume={24},
  number={1},
  pages={87--105},
  year={2001},
  publisher={Annual Reviews 4139 El Camino Way, PO Box 10139, Palo Alto, CA 94303-0139, USA}
}
