@article{letourneau1975cell,
  title={Cell-to-substratum adhesion and guidance of axonal elongation},
  author={Letourneau, Paul C},
  journal={Developmental biology},
  volume={44},
  number={1},
  pages={92--101},
  year={1975},
  publisher={Elsevier}
}
