@article{letourneau1989distribution,
  title={Distribution and possible interactions of actin-associated proteins and cell adhesion molecules of nerve growth cones},
  author={Letourneau, Paul C and Shattuck, Terri A},
  journal={Development},
  volume={105},
  number={3},
  pages={505--519},
  year={1989},
  publisher={The Company of Biologists Ltd}
}
