@article{leung2003enzymatic,
  title={Enzymatic removal of chondroitin sulphates abolishes the age-related axon order in the optic tract of mouse embryos},
  author={Leung, Kim-Mei and Taylor, Jeremy SH and Chan, Sun-On},
  journal={European Journal of Neuroscience},
  volume={17},
  number={9},
  pages={1755--1767},
  year={2003},
  publisher={Wiley Online Library}
}
