@article{leung2004expression,
  title={Expression of phosphacan and neurocan during early development of mouse retinofugal pathway},
  author={Leung, KM and Margolis, RU and Chan, SO},
  journal={Developmental brain research},
  volume={152},
  number={1},
  pages={1--10},
  year={2004},
  publisher={Elsevier}
}
