@article{leyva2013and,
  title={In and out from the cortex: development of major forebrain connections},
  author={Leyva-D{\'\i}az, E and L{\'o}pez-Bendito, G},
  journal={Neuroscience},
  volume={254},
  pages={26--44},
  year={2013},
  publisher={Elsevier}
}
