@article{leyva2014flrt3,
  title={FLRT3 is a Robo1-interacting protein that determines Netrin-1 attraction in developing axons},
  author={Leyva-D{\'\i}az, Eduardo and del Toro, Daniel and Menal, Maria Jos{\'e} and Cambray, Serafi and Sus{\'\i}n, Rafael and Tessier-Lavigne, Marc and Klein, R{\"u}diger and Egea, Joaquim and L{\'o}pez-Bendito, Guillermina},
  journal={Current Biology},
  volume={24},
  number={5},
  pages={494--508},
  year={2014},
  publisher={Elsevier}
}
