@article{liesi1988astrocyte,
  title={Is astrocyte laminin involved in axon guidance in the mammalian CNS?},
  author={Liesi, P{\"a}ivi and Silver, Jerry},
  journal={Developmental biology},
  volume={130},
  number={2},
  pages={774--785},
  year={1988},
  publisher={Elsevier}
}
