@article{lim2016neural,
  title={Neural activity promotes long-distance, target-specific regeneration of adult retinal axons},
  author={Lim, Jung-Hwan A and Stafford, Benjamin K and Nguyen, Phong L and Lien, Brian V and Wang, Chen and Zukor, Katherine and He, Zhigang and Huberman, Andrew D},
  journal={Nature Neuroscience},
  year={2016},
  publisher={Nature Publishing Group}
}
