@article{lim2015emx1,
  title={EMX1 regulates NRP1-mediated wiring of the mouse anterior cingulate cortex},
  author={Lim, Jonathan WC and Donahoo, Amber-Lee S and Bunt, Jens and Edwards, Timothy J and Fenlon, Laura R and Liu, Ying and Zhou, Jing and Moldrich, Randal X and Piper, Michael and Gobius, Ilan and others},
  journal={Development},
  volume={142},
  number={21},
  pages={3746--3757},
  year={2015},
  publisher={Oxford University Press for The Company of Biologists Limited}
}
