@article{lin1995targeted,
  title={Targeted neuronal cell ablation in the Drosophila embryo: pathfinding by follower growth cones in the absence of pioneers},
  author={Lin, David M and Auld, Vanessa J and Goodman, Corey S},
  journal={Neuron},
  volume={14},
  number={4},
  pages={707--715},
  year={1995},
  publisher={Elsevier}
}
