@article{lin1994genetic,
  title={Genetic analysis of Fasciclin II in Drosophila: defasciculation, refasciculation, and altered fasciculation},
  author={Lin, David M and Fetter, Richard D and Kopczynski, Casey and Grenningloh, Gabriele and Goodman, Corey S},
  journal={Neuron},
  volume={13},
  number={5},
  pages={1055--1069},
  year={1994},
  publisher={Elsevier}
}
