@article{lindwall2007commissure,
  title={Commissure formation in the mammalian forebrain},
  author={Lindwall, Charlotta and Fothergill, Thomas and Richards, Linda J},
  journal={Current opinion in neurobiology},
  volume={17},
  number={1},
  pages={3--14},
  year={2007},
  publisher={Elsevier}
}
