@article{linden1981dorsal,
  title={The dorsal lateral geniculate nucleus of the normal ferret and its postnatal development},
  author={Linden, Diana and Guillery, RW and Cucchiaro, Josephine},
  journal={Journal of Comparative Neurology},
  volume={203},
  number={2},
  pages={189--211},
  year={1981},
  publisher={Wiley Online Library}
}
