@article{linneberg2015axo,
  title={Axo-Glia Interaction Preceding CNS Myelination Is Regulated by Bidirectional Eph-Ephrin Signaling},
  author={Linneberg, Cecilie and Harboe, Mette and Laursen, Lisbeth S},
  journal={ASN neuro},
  volume={7},
  number={5},
  pages={1759091415602859},
  year={2015},
  publisher={SAGE Publications}
}
