@article{lipson2003neurotrophic,
  title={Neurotrophic properties of olfactory ensheathing glia},
  author={Lipson, Adam C and Widenfalk, Johan and Lindqvist, Eva and Ebendal, Ted and Olson, Lars},
  journal={Experimental neurology},
  volume={180},
  number={2},
  pages={167--171},
  year={2003},
  publisher={Elsevier}
}
