@article{lisabeth2013eph,
  title={Eph receptor signaling and ephrins},
  author={Lisabeth, Erika M and Falivelli, Giulia and Pasquale, Elena B},
  journal={Cold Spring Harbor perspectives in biology},
  volume={5},
  number={9},
  pages={a009159},
  year={2013},
  publisher={Cold Spring Harbor Lab}
}
