@article{little2009specificity,
  title={Specificity and plasticity of thalamocortical connections in Sema6A mutant mice},
  author={Little, Graham E and L{\'o}pez-Bendito, Guillermina and R{\"u}nker, Annette E and Garc{\'\i}a, Noelia and Pi{\~n}on, Maria C and Ch{\'e}dotal, Alain and Moln{\'a}r, Zolt{\'a}n and Mitchell, Kevin J},
  journal={PLoS Biol},
  volume={7},
  number={4},
  pages={e1000098},
  year={2009},
  publisher={Public Library of Science}
}
