@article{liu2013micropatterned,
  title={A micropatterned coculture system for axon guidance reveals that Slit promotes axon fasciculation and regulates the expression of L1CAM},
  author={Liu, Wenwen and Zheng, Wenfu and Yuan, Bo and Jiang, Xingyu},
  journal={Integrative Biology},
  volume={5},
  number={3},
  pages={617--623},
  year={2013},
  publisher={Royal Society of Chemistry}
}
