@inproceedings{lokmane2014map,
  title={Map transfer from the thalamus to the neocortex: Inputs from the barrel field},
  author={Lokmane, Ludmilla and Garel, Sonia},
  booktitle={Seminars in cell \& developmental biology},
  volume={35},
  pages={147--155},
  year={2014},
  organization={Elsevier}
}
