@article{lokmane2013sensory,
  title={Sensory map transfer to the neocortex relies on pretarget ordering of thalamic axons},
  author={Lokmane, Ludmilla and Proville, R{\'e}mi and Narboux-N{\^e}me, Nicolas and Gy{\"o}ry, Ildiko and Keita, Maryama and Mailhes, Caroline and L{\'e}na, Cl{\'e}ment and Gaspar, Patricia and Grosschedl, Rudolf and Garel, Sonia},
  journal={Current Biology},
  volume={23},
  number={9},
  pages={810--816},
  year={2013},
  publisher={Elsevier}
}
