@article{lopez2013navigating,
  title={Navigating neurites utilize cellular topography of Schwann cell somas and processes for optimal guidance},
  author={L{\'o}pez-Fagundo, Cristina and Mitchel, Jennifer A and Ramchal, Talisha D and Dingle, Yu-Ting L and Hoffman-Kim, Diane},
  journal={Acta biomaterialia},
  volume={9},
  number={7},
  pages={7158--7168},
  year={2013},
  publisher={Elsevier}
}
