@article{lopez2006tangential,
  title={Tangential neuronal migration controls axon guidance: a role for neuregulin-1 in thalamocortical axon navigation},
  author={L{\'o}pez-Bendito, Guillermina and Cautinat, Aline and S{\'a}nchez, Juan Antonio and Bielle, Franck and Flames, Nuria and Garratt, Alistair N and Talmage, David A and Role, Lorna W and Charnay, Patrick and Mar{\'\i}n, Oscar and others},
  journal={Cell},
  volume={125},
  number={1},
  pages={127--142},
  year={2006},
  publisher={Elsevier}
}
