@article{lopez2014cortical,
  title={Cortical maps: a role for astrocytes?},
  author={L{\'o}pez-Hidalgo, M{\'o}nica and Schummers, James},
  journal={Current opinion in neurobiology},
  volume={24},
  pages={176--189},
  year={2014},
  publisher={Elsevier}
}
