@article{lu2014mutation,
  title={Mutation of Npr2 Leads to Blurred Tonotopic Organization of Central Auditory Circuits in Mice},
  author={Lu, Cindy C and Cao, Xiao-Jie and Wright, Samantha and Ma, Le and Oertel, Donata and Goodrich, Lisa V},
  journal={PLoS genetics},
  volume={10},
  number={12},
  pages={e1004823},
  year={2014},
  publisher={Public Library of Science}
}
