@article{lu2009interscutularis,
  title={The interscutularis muscle connectome},
  author={Lu, Ju and Tapia, Juan Carlos and White, Olivia L and Lichtman, Jeff W},
  journal={PLoS biology},
  volume={7},
  number={2},
  pages={e1000032},
  year={2009},
  publisher={Public Library of Science}
}
