@article{lund1974organization,
  title={The organization of the retinal projection to the dorsal lateral geniculate nucleus in pigmented and albino rats},
  author={Lund, RD and Lund, Jennifer S and Wise, Ren{\'e}e P},
  journal={Journal of Comparative Neurology},
  volume={158},
  number={4},
  pages={383--403},
  year={1974},
  publisher={Wiley Online Library}
}
