@article{lund1977development,
  title={Development of the geniculocortical pathway in rat},
  author={Lund, R\_D and Mustari, MJ},
  journal={Journal of Comparative Neurology},
  volume={173},
  number={2},
  pages={289--305},
  year={1977},
  publisher={Wiley Online Library}
}
