@article{luo1993collapsin,
  title={Collapsin: a protein in brain that induces the collapse and paralysis of neuronal growth cones},
  author={Luo, Yuling and Raible, David and Raper, Jonathan A},
  journal={Cell},
  volume={75},
  number={2},
  pages={217--227},
  year={1993},
  publisher={Elsevier}
}
