@article{luo2008genetic,
  title={Genetic dissection of neural circuits},
  author={Luo, Liqun and Callaway, Edward M and Svoboda, Karel},
  journal={Neuron},
  volume={57},
  number={5},
  pages={634--660},
  year={2008},
  publisher={Elsevier}
}
