@article{luo2007development,
  title={Development of continuous and discrete neural maps},
  author={Luo, Liqun and Flanagan, John G},
  journal={Neuron},
  volume={56},
  number={2},
  pages={284--300},
  year={2007},
  publisher={Elsevier}
}
