@article{luria2008specification,
  title={Specification of motor axon trajectory by ephrin-B: EphB signaling: symmetrical control of axonal patterning in the developing limb},
  author={Luria, Victor and Krawchuk, Dayana and Jessell, Thomas M and Laufer, Ed and Kania, Artur},
  journal={Neuron},
  volume={60},
  number={6},
  pages={1039--1053},
  year={2008},
  publisher={Elsevier}
}
