@article{luskin1982distribution,
  title={The distribution of axon collaterals from the olfactory bulb and the nucleus of the horizontal limb of the diagonal band to the olfactory cortex, demonstrated by double retrograde labeling techniques},
  author={Luskin, Marla B and Price, Joseph L},
  journal={Journal of Comparative Neurology},
  volume={209},
  number={3},
  pages={249--263},
  year={1982},
  publisher={Wiley Online Library}
}
