@article{luxey2013eph,
  title={Eph: ephrin-B1 forward signaling controls fasciculation of sensory and motor axons},
  author={Luxey, Ma{\"e}va and Jungas, Thomas and Laussu, Julien and Audouard, Christophe and Garces, Alain and Davy, Alice},
  journal={Developmental biology},
  volume={383},
  number={2},
  pages={264--274},
  year={2013},
  publisher={Elsevier}
}
