@article{maggs1986glial,
  title={Glial domains and nerve fiber patterns in the fish retinotectal pathway},
  author={Maggs, Alison and Scholes, John},
  journal={The Journal of neuroscience},
  volume={6},
  number={2},
  pages={424--438},
  year={1986},
  publisher={Soc Neuroscience}
}
