@article{mandai2014linx,
  title={< i> Linx</i> Mediates Interaxonal Interactions and Formation of the Internal Capsule},
  author={Mandai, Kenji and Reimert, Dorothy V and Ginty, David D},
  journal={Neuron},
  volume={83},
  number={1},
  pages={93--103},
  year={2014},
  publisher={Elsevier}
}
