@article{mandai2009lig,
  title={LIG family receptor tyrosine kinase-associated proteins modulate growth factor signals during neural development},
  author={Mandai, Kenji and Guo, Ting and Hillaire, Coryse St and Meabon, James S and Kanning, Kevin C and Bothwell, Mark and Ginty, David D},
  journal={Neuron},
  volume={63},
  number={5},
  pages={614--627},
  year={2009},
  publisher={Elsevier}
}
