@article{marcus1995expression,
  title={Expression of glial fibrillary acidic protein and its relation to tract formation in embryonic zebrafish (Danio rerio)},
  author={Marcus, Riva C and Easter, Stephen S},
  journal={Journal of comparative neurology},
  volume={359},
  number={3},
  pages={365--381},
  year={1995},
  publisher={Wiley Online Library}
}
