@article{marcos2015secreted,
  title={Secreted frizzled related proteins modulate pathfinding and fasciculation of mouse retina ganglion cell axons by direct and indirect mechanisms},
  author={Marcos, S{\'e}verine and Nieto-Lopez, Francisco and Sandon{\`\i}s, Africa and Cardozo, Marcos Julian and Di Marco, Fabiana and Esteve, Pilar and Bovolenta, Paola},
  journal={The Journal of Neuroscience},
  volume={35},
  number={11},
  pages={4729--4740},
  year={2015},
  publisher={Soc Neuroscience}
}
