%% This BibTeX bibliography file was created using BibDesk.
%% http://bibdesk.sourceforge.net/


%% Created for Austen Sitko at 2016-12-03 22:46:04 -0500 


%% Saved with string encoding Unicode (UTF-8) 



@article{marcucci2016ciliary,
	Author = {Marcucci, F., Murcia-Belmonte, V., Wang, Q., Coca, Y., Ferreiro-Galve, S., Kuwajima, T., Khalid, S., Ross, M.E., Herrera, E., Mason, C.},
	Date-Added = {2016-12-04 03:41:47 +0000},
	Date-Modified = {2016-12-04 03:45:35 +0000},
	Journal = {Cell Reports},
	Month = {December},
	Title = {The ciliary margin zone of the mammalian retina generates retinal ganglion cells.},
	Volume = {10},
	Year = {2016}}
