@article{marcus1995first,
  title={The first retinal axon growth in the mouse optic chiasm: axon patterning and the cellular environment},
  author={Marcus, Riva C and Mason, Carol A},
  journal={The Journal of neuroscience},
  volume={15},
  number={10},
  pages={6389--6402},
  year={1995},
  publisher={Soc Neuroscience}
}
