@article{marín2003thalamocortical,
  title={Thalamocortical topography reloaded: it's not where you go, but how you get there},
  author={Mar{\i}́n, Oscar},
  journal={Neuron},
  volume={39},
  number={3},
  pages={388--391},
  year={2003},
  publisher={Elsevier}
}
