@article{marmigere2007specification,
  title={Specification and connectivity of neuronal subtypes in the sensory lineage},
  author={Marmig{\`e}re, Fr{\'e}d{\'e}ric and Ernfors, Patrik},
  journal={Nature Reviews Neuroscience},
  volume={8},
  number={2},
  pages={114--127},
  year={2007},
  publisher={Nature Publishing Group}
}
