@article{marquardt2005coexpressed,
  title={Coexpressed EphA receptors and ephrin-A ligands mediate opposing actions on growth cone navigation from distinct membrane domains},
  author={Marquardt, Till and Shirasaki, Ryuichi and Ghosh, Sourav and Andrews, Shane E and Carter, Nigel and Hunter, Tony and Pfaff, Samuel L},
  journal={Cell},
  volume={121},
  number={1},
  pages={127--139},
  year={2005},
  publisher={Elsevier}
}
