@article{marsick2012activation,
  title={Activation of ezrin/radixin/moesin mediates attractive growth cone guidance through regulation of growth cone actin and adhesion receptors},
  author={Marsick, Bonnie M and San Miguel-Ruiz, Jose E and Letourneau, Paul C},
  journal={The Journal of Neuroscience},
  volume={32},
  number={1},
  pages={282--296},
  year={2012},
  publisher={Soc Neuroscience}
}
