@article{martin1983role,
  title={The role of fiber ordering and axon collateralization in the formation of topographic projections},
  author={Martin, Kevan AC and Perry, V Hugh},
  journal={Progress in brain research},
  volume={58},
  pages={321--337},
  year={1983},
  publisher={Elsevier}
}
