@article{maslany1991somatotopic,
  title={Somatotopic organization of the dorsal column nuclei in the rat: transganglionic labelling with B-HRP and WGA-HRP},
  author={Maslany, Steven and Crockett, David P and Egger, M David},
  journal={Brain research},
  volume={564},
  number={1},
  pages={56--65},
  year={1991},
  publisher={Elsevier}
}
