@article{mason1997growth,
  title={Growth cone form is behavior-specific and, consequently, position-specific along the retinal axon pathway},
  author={Mason, Carol A and Wang, Li-Chong},
  journal={The Journal of neuroscience},
  volume={17},
  number={3},
  pages={1086--1100},
  year={1997},
  publisher={Soc Neuroscience}
}
