@article{masu2016proteoglycans,
  title={Proteoglycans and axon guidance: a new relationship between old partners},
  author={Masu, Masayuki},
  journal={Journal of neurochemistry},
  year={2016},
  publisher={Wiley Online Library}
}
