@article{matsumoto2014lin7a,
  title={LIN7A Depletion Disrupts Cerebral Cortex Development, Contributing to Intellectual Disability in 12q21-Deletion Syndrome},
  author={Matsumoto, Ayumi and Mizuno, Makoto and Hamada, Nanako and Nozaki, Yasuyuki and Jimbo, Eriko F and Momoi, Mariko Y and Nagata, Koh-ichi and Yamagata, Takanori},
  journal={PloS one},
  volume={9},
  number={3},
  pages={e92695},
  year={2014},
  publisher={Public Library of Science}
}
