@article{matsuo2016organization,
  title={The organization of projection neurons and local neurons of the primary auditory center in the fruit fly Drosophila melanogaster},
  author={Matsuo, Eriko and Seki, Haruyoshi and Asai, Tomonori and Morimoto, Takako and Miyakawa, Hiroyoshi and Ito, Kei and Kamikouchi, Azusa},
  journal={Journal of Comparative Neurology},
  year={2016},
  publisher={Wiley Online Library}
}
