@article{mcadams1995expression,
  title={Expression of chondroitin sulfate and keratan sulfate proteoglycans in the path of growing retinal axons in the developing chick},
  author={McAdams, Brian D and McLoon, Steven C},
  journal={Journal of Comparative Neurology},
  volume={352},
  number={4},
  pages={594--606},
  year={1995},
  publisher={Wiley Online Library}
}
