@article{mclaughlin2003regulation,
  title={Regulation of axial patterning of the retina and its topographic mapping in the brain},
  author={McLaughlin, Todd and Hindges, Robert and Oâ€™Leary, Dennis DM},
  journal={Current opinion in neurobiology},
  volume={13},
  number={1},
  pages={57--69},
  year={2003},
  publisher={Elsevier}
}
