@article{mclaughlin2005molecular,
  title={Molecular gradients and development of retinotopic maps},
  author={McLaughlin, Todd and O'Leary, Dennis DM},
  journal={Annu. Rev. Neurosci.},
  volume={28},
  pages={327--355},
  year={2005},
  publisher={Annual Reviews}
}
