@article{mclaughlin2003retinotopic,
  title={Retinotopic map refinement requires spontaneous retinal waves during a brief critical period of development},
  author={McLaughlin, Todd and Torborg, Christine L and Feller, Marla B and O'Leary, Dennis DM},
  journal={Neuron},
  volume={40},
  number={6},
  pages={1147--1160},
  year={2003},
  publisher={Elsevier}
}
