@article{meguro2015impaired,
  title={Impaired clustered protocadherin-$\alpha$ leads to aggregated retinogeniculate terminals and impaired visual acuity in mice},
  author={Meguro, Reiko and Hishida, Ryuichi and Tsukano, Hiroaki and Yoshitake, Kohei and Imamura, Ryota and Tohmi, Manavu and Kitsukawa, Takashi and Hirabayashi, Takahiro and Yagi, Takeshi and Takebayashi, Hirohide and others},
  journal={Journal of neurochemistry},
  volume={133},
  number={1},
  pages={66--72},
  year={2015},
  publisher={Wiley Online Library}
}
