@article{menini2010development,
  title={Development of the Olfactory System},
  author={Menini, Anna and Treloar, Helen B and Miller, Alexandra M and Ray, Arundhati and Greer, Charles A},
  year={2010},
  publisher={CRC Press}
}
