@article{michalski2013robo3,
  title={Robo3-driven axon midline crossing conditions functional maturation of a large commissural synapse},
  author={Michalski, Nicolas and Babai, Norbert and Renier, Nicolas and Perkel, David J and Ch{\'e}dotal, Alain and Schneggenburger, Ralf},
  journal={Neuron},
  volume={78},
  number={5},
  pages={855--868},
  year={2013},
  publisher={Elsevier}
}
