@article{miller2010axon,
  title={Axon fasciculation in the developing olfactory nerve},
  author={Miller, Alexandra M and Maurer, Lydia R and Zou, Dong-Jing and Firestein, Stuart and Greer, Charles A},
  journal={Neural development},
  volume={5},
  number={1},
  pages={1--17},
  year={2010},
  publisher={Springer}
}
