@article{millard2007dscam2,
  title={Dscam2 mediates axonal tiling in the Drosophila visual system},
  author={Millard, S Sean and Flanagan, John J and Pappu, Kartik S and Wu, Wei and Zipursky, S Lawrence},
  journal={Nature},
  volume={447},
  number={7145},
  pages={720--724},
  year={2007},
  publisher={Nature Publishing Group}
}
