@article{milner1998selective,
  title={Selective fasciculation and divergent pathfinding decisions of embryonic chick motor axons projecting to fast and slow muscle regions},
  author={Milner, Louise D and Rafuse, Victor F and Landmesser, Lynn T},
  journal={The Journal of neuroscience},
  volume={18},
  number={9},
  pages={3297--3313},
  year={1998},
  publisher={Soc Neuroscience}
}
