@article{mire2012spontaneous,
  title={Spontaneous activity regulates Robo1 transcription to mediate a switch in thalamocortical axon growth},
  author={Mire, Erik and Mezzera, Cecilia and Leyva-D{\'\i}az, Eduardo and Paternain, Ana V and Squarzoni, Paola and Bluy, Lisa and Castillo-Paterna, Mar and L{\'o}pez, Mar{\'\i}a Jos{\'e} and Peregr{\'\i}n, Sandra and Tessier-Lavigne, Marc and others},
  journal={Nature neuroscience},
  volume={15},
  number={8},
  pages={1134--1143},
  year={2012},
  publisher={Nature Publishing Group}
}
