@article{miyamichi2005continuous,
  title={Continuous and overlapping expression domains of odorant receptor genes in the olfactory epithelium determine the dorsal/ventral positioning of glomeruli in the olfactory bulb},
  author={Miyamichi, Kazunari and Serizawa, Shou and Kimura, Hiroko M and Sakano, Hitoshi},
  journal={The Journal of neuroscience},
  volume={25},
  number={14},
  pages={3586--3592},
  year={2005},
  publisher={Soc Neuroscience}
}
