@article{miyamichi2011cortical,
  title={Cortical representations of olfactory input by trans-synaptic tracing},
  author={Miyamichi, Kazunari and Amat, Fernando and Moussavi, Farshid and Wang, Chen and Wickersham, Ian and Wall, Nicholas R and Taniguchi, Hiroki and Tasic, Bosiljka and Huang, Z Josh and He, Zhigang and others},
  journal={Nature},
  volume={472},
  number={7342},
  pages={191--196},
  year={2011},
  publisher={Nature Publishing Group}
}
