@article{mizuno2006partially,
  title={Partially enhanced thalamocortical functional connectivity in autism},
  author={Mizuno, Akiko and Villalobos, Michele E and Davies, Molly M and Dahl, Branelle C and M{\"u}ller, Ralph-Axel},
  journal={Brain research},
  volume={1104},
  number={1},
  pages={160--174},
  year={2006},
  publisher={Elsevier}
}
