@article{molnar2002normal,
  title={Normal development of embryonic thalamocortical connectivity in the absence of evoked synaptic activity},
  author={Moln{\'a}r, Zolt{\'a}n and L{\'o}pez-Bendito, Guillermina and Small, Juan and Partridge, L Donald and Blakemore, Colin and Wilson, Michael C},
  journal={The Journal of neuroscience},
  volume={22},
  number={23},
  pages={10313--10323},
  year={2002},
  publisher={Soc Neuroscience}
}
