@article{molnar2012mechanisms,
  title={Mechanisms controlling the guidance of thalamocortical axons through the embryonic forebrain},
  author={Moln{\'a}r, Zolt{\'a}n and Garel, Sonia and L{\'o}pez-Bendito, Guillermina and Maness, Patricia and Price, David J},
  journal={European Journal of Neuroscience},
  volume={35},
  number={10},
  pages={1573--1585},
  year={2012},
  publisher={Wiley Online Library}
}
