@article{molnar1995thalamic,
  title={How do thalamic axons find their way to the cortex?},
  author={Moln{\'a}r, Zolt{\'a}n and Blakemore, Colin},
  journal={Trends in neurosciences},
  volume={18},
  number={9},
  pages={389--397},
  year={1995},
  publisher={Elsevier}
}
