@article{molnar1998mechanisms,
  title={Mechanisms underlying the early establishment of thalamocortical connections in the rat},
  author={Moln{\'a}r, Zolt{\'a}n and Adams, Richard and Blakemore, Colin},
  journal={The Journal of neuroscience},
  volume={18},
  number={15},
  pages={5723--5745},
  year={1998},
  publisher={Soc Neuroscience}
}
