@article{molnar1991lack,
  title={Lack of regional specificity for connections formed between thalamus and cortex in coculture},
  author={Moln{\'a}r, Zolt{\'a}n and Blakemore, Colin},
  year={1991},
  publisher={Nature Publishing Group}
}
