@inproceedings{molnar1995guidance,
  title={Guidance of thalamocortical innervation},
  author={Molnar, Zoltan and Blakemore, Colin},
  booktitle={Development of the cerebral cortex (G. Bock and G. Cardew, ed.). Ciba Foundation Symposium},
  volume={193},
  pages={127--149},
  year={1995}
}
