@article{molofsky2014astrocyte,
  title={Astrocyte-encoded positional cues maintain sensorimotor circuit integrity},
  author={Molofsky, Anna V and Kelley, Kevin W and Tsai, Hui-Hsin and Redmond, Stephanie A and Chang, Sandra M and Madireddy, Lohith and Chan, Jonah R and Baranzini, Sergio E and Ullian, Erik M and Rowitch, David H},
  journal={Nature},
  volume={509},
  number={7499},
  pages={189--194},
  year={2014},
  publisher={Nature Publishing Group}
}
