@article{molyneaux2007neuronal,
  title={Neuronal subtype specification in the cerebral cortex},
  author={Molyneaux, Bradley J and Arlotta, Paola and Menezes, Joao RL and Macklis, Jeffrey D},
  journal={Nature reviews neuroscience},
  volume={8},
  number={6},
  pages={427--437},
  year={2007},
  publisher={Nature Publishing Group}
}
