@article{mombaerts1996visualizing,
  title={Visualizing an olfactory sensory map},
  author={Mombaerts, Peter and Wang, Fan and Dulac, Catherine and Chao, Steve K and Nemes, Adriana and Mendelsohn, Monica and Edmondson, James and Axel, Richard},
  journal={Cell},
  volume={87},
  number={4},
  pages={675--686},
  year={1996},
  publisher={Elsevier}
}
