@article{montgomery1998organization,
  title={Organization of retinal axons within the optic nerve, optic chiasm, and the innervation of multiple central nervous system targets Rana pipiens},
  author={Montgomery, Neil M and Tyler, Christopher and Fite, Katherine V},
  journal={Journal of Comparative Neurology},
  volume={402},
  number={2},
  pages={222--237},
  year={1998},
  publisher={Wiley Online Library}
}
