@article{montgomery1989retinotopic,
  title={Retinotopic organization of central optic projections in Rana pipiens},
  author={Montgomery, Neil and Fite, Katherine V},
  journal={Journal of Comparative Neurology},
  volume={283},
  number={4},
  pages={526--540},
  year={1989},
  publisher={Wiley Online Library}
}
