@article{morissette1995laminin,
  title={Laminin alpha 2 chain (M chain) is found within the pathway of avian and murine retinal projections},
  author={Morissette, Nathalie and Carbonetto, Salvatore},
  journal={The Journal of neuroscience},
  volume={15},
  number={12},
  pages={8067--8082},
  year={1995},
  publisher={Soc Neuroscience}
}
