@article{morin2014retinofugal,
  title={Retinofugal projections in the mouse},
  author={Morin, Lawrence P and Studholme, Keith M},
  journal={Journal of Comparative Neurology},
  volume={522},
  number={16},
  pages={3733--3753},
  year={2014},
  publisher={Wiley Online Library}
}
