@article{moses2015acquisition,
  title={The acquisition of target dependence by developing rat retinal ganglion cells},
  author={Moses, Colette and Wheeler, Lachlan PG and LeVaillant, Chrisna J and Kramer, Anne and Ryan, Marisa and Cozens, Greg S and Sharma, Anil and Pollett, Margaret A and Rodger, Jennifer and Harvey, Alan R},
  journal={eneuro},
  volume={2},
  number={3},
  pages={ENEURO--0044},
  year={2015},
  publisher={eneuro}
}
