@article{murillo2015zic2,
  title={Zic2 Controls the Migration of Specific Neuronal Populations in the Developing Forebrain},
  author={Murillo, Blanca and Ruiz-Reig, Nuria and Herrera, Macarena and Fair{\'e}n, Alfonso and Herrera, Elo{\'\i}sa},
  journal={The Journal of Neuroscience},
  volume={35},
  number={32},
  pages={11266--11280},
  year={2015},
  publisher={Soc Neuroscience}
}
