@article{murthy2011olfactory,
  title={Olfactory maps in the brain},
  author={Murthy, Venkatesh N},
  journal={Annual review of neuroscience},
  volume={34},
  pages={233--258},
  year={2011},
  publisher={Annual Reviews}
}
