@article{nagayama2010differential,
  title={Differential axonal projection of mitral and tufted cells in the mouse main olfactory system},
  author={Nagayama, Shin and Enerva, Allicia and Fletcher, Max L and Masurkar, Arjun V and Igarashi, Kei M and Mori, Kensaku and Chen, Wei R},
  journal={Frontiers in neural circuits},
  volume={4},
  year={2010},
  publisher={Frontiers Research Foundation}
}
