@article{naito1986course,
  title={Course of retinogeniculate projection fibers in the cat optic nerve},
  author={Naito, Jumpei},
  journal={Journal of Comparative Neurology},
  volume={251},
  number={3},
  pages={376--387},
  year={1986},
  publisher={Wiley Online Library}
}
