@article{naito1994retinogeniculate,
  title={Retinogeniculate projection fibers in the monkey optic chiasm: a demonstration of the fiber arrangement by means of wheat germ agglutinin conjugated to horseradish peroxidase},
  author={Naito, Jumpei},
  journal={Journal of Comparative Neurology},
  volume={346},
  number={4},
  pages={559--571},
  year={1994},
  publisher={Wiley Online Library}
}
