@article{nakajima1965selectivity,
  title={Selectivity in fasciculation of nerve fibers in vitro},
  author={Nakajima, Shinshu},
  journal={Journal of Comparative Neurology},
  volume={125},
  number={2},
  pages={193--203},
  year={1965},
  publisher={Wiley Online Library}
}
