@article{nakamura1989topography,
  title={Topography of the corpus callosum in the cat},
  author={Nakamura, Hiroyuki and Kanaseki, Takeshi},
  journal={Brain research},
  volume={485},
  number={1},
  pages={171--175},
  year={1989},
  publisher={Elsevier}
}
