@article{nakagawa2000ephrin,
  title={Ephrin-B regulates the Ipsilateral routing of retinal axons at the optic chiasm},
  author={Nakagawa, Shinichi and Brennan, Caroline and Johnson, Karl G and Shewan, Derryck and Harris, William A and Holt, Christine E},
  journal={Neuron},
  volume={25},
  number={3},
  pages={599--610},
  year={2000},
  publisher={Elsevier}
}
