@article{narboux2012postnatal,
  title={Postnatal growth defects in mice with constitutive depletion of central serotonin},
  author={Narboux-NeÌ‚me, Nicolas and Angenard, Gaelle and Mosienko, Valentina and Klempin, Friederike and Pitychoutis, Pothitos M and Deneris, Evan and Bader, Michael and Giros, Bruno and Alenina, Natalia and Gaspar, Patricia},
  journal={ACS chemical neuroscience},
  volume={4},
  number={1},
  pages={171--181},
  year={2012},
  publisher={ACS Publications}
}
