@article{narboux2008serotonin,
  title={Serotonin transporter transgenic (SERT cre) mouse line reveals developmental targets of serotonin specific reuptake inhibitors (SSRIs)},
  author={Narboux-N{\^e}me, Nicolas and Pavone, Luigi Michele and Avallone, Luigi and Zhuang, Xiaoxi and Gaspar, Patricia},
  journal={Neuropharmacology},
  volume={55},
  number={6},
  pages={994--1005},
  year={2008},
  publisher={Elsevier}
}
