@article{narushima2016metabotropic,
  title={The Metabotropic Glutamate Receptor Subtype 1 Mediates Experience-Dependent Maintenance of Mature Synaptic Connectivity in the Visual Thalamus},
  author={Narushima, Madoka and Uchigashima, Motokazu and Yagasaki, Yuki and Harada, Takeshi and Nagumo, Yasuyuki and Uesaka, Naofumi and Hashimoto, Kouichi and Aiba, Atsu and Watanabe, Masahiko and Miyata, Mariko and others},
  journal={Neuron},
  volume={91},
  number={5},
  pages={1097--1109},
  year={2016},
  publisher={Elsevier}
}
