@article{neuhauss2003behavioral,
  title={Behavioral genetic approaches to visual system development and function in zebrafish},
  author={Neuhauss, Stephan CF},
  journal={Journal of neurobiology},
  volume={54},
  number={1},
  pages={148--160},
  year={2003},
  publisher={Wiley Online Library}
}
