@article{neuhaus2015crossing,
  title={Crossing the embryonic midline: molecular mechanisms regulating axon responsiveness at an intermediate target},
  author={Neuhaus-Follini, Alexandra and Bashaw, Greg J},
  journal={Wiley Interdisciplinary Reviews: Developmental Biology},
  year={2015},
  publisher={Wiley Online Library}
}
