@article{nguyen2016mathematical,
  title={A mathematical model explains saturating axon guidance responses to molecular gradients},
  author={Nguyen, Huyen and Dayan, Peter and Pujic, Zac and Cooper-White, Justin and Goodhill, Geoffrey J},
  journal={eLife},
  volume={5},
  pages={e12248},
  year={2016},
  publisher={eLife Sciences Publications Limited}
}
