@article{nichol2016guidance,
  title={Guidance of Axons by Local Coupling of Retrograde Flow to Point Contact Adhesions},
  author={Nichol, Robert H and Hagen, Kate M and Lumbard, Derek C and Dent, Erik W and G{\'o}mez, Timothy M},
  journal={The Journal of Neuroscience},
  volume={36},
  number={7},
  pages={2267--2282},
  year={2016},
  publisher={Soc Neuroscience}
}
