@article{nicol2014routes,
  title={Routes to cAMP: shaping neuronal connectivity with distinct adenylate cyclases},
  author={Nicol, Xavier and Gaspar, Patricia},
  journal={European Journal of Neuroscience},
  volume={39},
  number={11},
  pages={1742--1751},
  year={2014},
  publisher={Wiley Online Library}
}
