@article{nikolov2014homotypic,
  title={Homotypic receptor-receptor interactions regulating Eph signaling},
  author={Nikolov, Dimitar B and Xu, Kai and Himanen, Juha P},
  journal={Cell adhesion \& migration},
  volume={8},
  number={4},
  pages={360--365},
  year={2014},
  publisher={Taylor \& Francis}
}
