@article{niquille2009transient,
  title={Transient neuronal populations are required to guide callosal axons: a role for semaphorin 3C},
  author={Niquille, Mathieu and Garel, Sonia and Mann, Fanny and Hornung, Jean-Pierre and Otsmane, Belkacem and Chevalley, S{\'e}bastien and Parras, Carlos and Guillemot, Francois and Gaspar, Patricia and Yanagawa, Yuchio and others},
  journal={PLoS biology},
  volume={7},
  number={10},
  pages={e1000230},
  year={2009},
  publisher={Public Library of Science}
}
