@article{nishikimi2011segregation,
  title={Segregation and pathfinding of callosal axons through EphA3 signaling},
  author={Nishikimi, Mitsuaki and Oishi, Koji and Tabata, Hidenori and Torii, Kenichi and Nakajima, Kazunori},
  journal={The Journal of Neuroscience},
  volume={31},
  number={45},
  pages={16251--16260},
  year={2011},
  publisher={Soc Neuroscience}
}
