@article{niu2013modality,
  title={Modality-based organization of ascending somatosensory axons in the direct dorsal column pathway},
  author={Niu, Jingwen and Ding, Long and Li, Jian J and Kim, Hyukmin and Liu, Jiakun and Li, Haipeng and Moberly, Andrew and Badea, Tudor C and Duncan, Ian D and Son, Young-Jin and others},
  journal={The Journal of Neuroscience},
  volume={33},
  number={45},
  pages={17691--17709},
  year={2013},
  publisher={Soc Neuroscience}
}
