@article{noh2016proper,
  title={Proper closure of the optic fissure requires ephrin A5-EphB2-JNK signaling},
  author={Noh, Hyuna and Lee, Haeryung and Park, Eunjeong and Park, Soochul},
  journal={Development},
  volume={143},
  number={3},
  pages={461--472},
  year={2016},
  publisher={Oxford University Press for The Company of Biologists Limited}
}
