@article{nord1967somatotopic,
  title={Somatotopic organization in the spinal trigeminal nucleus, the dorsal column nuclei and related structures in the rat},
  author={Nord, Samuel G},
  journal={Journal of Comparative Neurology},
  volume={130},
  number={4},
  pages={343--356},
  year={1967},
  publisher={Wiley Online Library}
}
