@article{nornes1980pattern,
  title={Pattern of development of ascending and descending fibers in embryonic spinal cord of chick: I. Role of position information},
  author={Nornes, Howard O and Hart, Henry and Carry, Michael},
  journal={Journal of Comparative Neurology},
  volume={192},
  number={1},
  pages={119--132},
  year={1980},
  publisher={Wiley Online Library}
}
