@article{north2012til,
  title={‘Til Eph Do Us Part’: intercellular signaling via Eph receptors and ephrin ligands guides cerebral cortical development from birth through maturation},
  author={North, Hilary A and Clifford, Meredith A and Donoghue, Maria J},
  journal={Cerebral Cortex},
  pages={bhs183},
  year={2012},
  publisher={Oxford Univ Press}
}
