@article{oh2014mesoscale,
  title={A mesoscale connectome of the mouse brain},
  author={Oh, Seung Wook and Harris, Julie A and Ng, Lydia and Winslow, Brent and Cain, Nicholas and Mihalas, Stefan and Wang, Quanxin and Lau, Chris and Kuan, Leonard and Henry, Alex M and others},
  journal={Nature},
  volume={508},
  number={7495},
  pages={207--214},
  year={2014},
  publisher={Nature Publishing Group}
}
