@article{oland1998targeted,
  title={Targeted ingrowth and glial relationships of olfactory receptor axons in the primary olfactory pathway of an insect},
  author={Oland, Lynne A and Pott, Wendy M and Higgins, Mark R and Tolbert, Leslie P},
  journal={Journal of Comparative Neurology},
  volume={398},
  number={1},
  pages={119--138},
  year={1998},
  publisher={Wiley Online Library}
}
