@article{oland1996multiple,
  title={Multiple factors shape development of olfactory glomeruli: insights from an insect model system},
  author={Oland, Lynne A and Tolbert, Leslie P},
  journal={Journal of neurobiology},
  volume={30},
  number={1},
  pages={92--109},
  year={1996},
  publisher={Wiley Online Library}
}
