@article{orioli1996sek4,
  title={Sek4 and Nuk receptors cooperate in guidance of commissural axons and in palate formation.},
  author={Orioli, Donata and Henkemeyer, M and Lemke, G and Klein, R and Pawson, T},
  journal={The EMBO journal},
  volume={15},
  number={22},
  pages={6035},
  year={1996},
  publisher={Nature Publishing Group}
}
