@article{osterhout2014birthdate,
  title={Birthdate and Outgrowth Timing Predict Cellular Mechanisms of Axon Target Matching in the Developing Visual Pathway},
  author={Osterhout, Jessica A and El-Danaf, Rana N and Nguyen, Phong L and Huberman, Andrew D},
  journal={Cell reports},
  volume={8},
  number={4},
  pages={1006--1017},
  year={2014},
  publisher={Elsevier}
}
