@article{osterhout2011cadherin,
  title={Cadherin-6 mediates axon-target matching in a non-image-forming visual circuit},
  author={Osterhout, Jessica A and Josten, Nicko and Yamada, Jena and Pan, Feng and Wu, Shaw-wen and Nguyen, Phong L and Panagiotakos, Georgia and Inoue, Yukiko U and Egusa, Saki F and Volgyi, Bela and others},
  journal={Neuron},
  volume={71},
  number={4},
  pages={632--639},
  year={2011},
  publisher={Elsevier}
}
