@article{owens2015stochastic,
  title={Stochastic Interaction between Neural Activity and Molecular Cues in the Formation of Topographic Maps},
  author={Owens, Melinda T and Feldheim, David A and Stryker, Michael P and Triplett, Jason W},
  journal={Neuron},
  volume={87},
  number={6},
  pages={1261--1273},
  year={2015},
  publisher={Elsevier}
}
