@article{ozaki1992prenatal,
  title={Prenatal formation of the normal mouse corpus callosum: a quantitative study with carbocyanine dyes},
  author={Ozaki, Hiroki S and Wahlsten, Douglas},
  journal={Journal of Comparative Neurology},
  volume={323},
  number={1},
  pages={81--90},
  year={1992},
  publisher={Wiley Online Library}
}
