@article{paglini1998suppression,
  title={Suppression of radixin and moesin alters growth cone morphology, motility, and process formation in primary cultured neurons},
  author={Paglini, Gabriela and Kunda, Patricia and Quiroga, Santiago and Kosik, Kenneth and C{\'a}ceres, Alfredo},
  journal={The Journal of cell biology},
  volume={143},
  number={2},
  pages={443--455},
  year={1998},
  publisher={Rockefeller Univ Press}
}
