@article{pak2004magnitude,
  title={Magnitude of binocular vision controlled by islet-2 repression of a genetic program that specifies laterality of retinal axon pathfinding},
  author={Pak, Winnie and Hindges, Robert and Lim, Yoo-Shick and Pfaff, Samuel L and O'Leary, Dennis DM},
  journal={Cell},
  volume={119},
  number={4},
  pages={567--578},
  year={2004},
  publisher={Elsevier}
}
