@article{panza2015lrr,
  title={The LRR receptor Islr2 is required for retinal axon routing at the vertebrate optic chiasm},
  author={Panza, Paolo and Sitko, Austen A and Maischein, Hans-Martin and Koch, Iris and Fl{\"o}tenmeyer, Matthias and Wright, Gavin J and Mandai, Kenji and Mason, Carol A and S{\"o}llner, Christian},
  journal={Neural development},
  volume={10},
  number={1},
  pages={1},
  year={2015},
  publisher={BioMed Central}
}
