@article{pasquale2008eph,
  title={Eph-ephrin bidirectional signaling in physiology and disease},
  author={Pasquale, Elena B},
  journal={Cell},
  volume={133},
  number={1},
  pages={38--52},
  year={2008},
  publisher={Elsevier}
}
