@article{pasterkamp2012getting,
  title={Getting neural circuits into shape with semaphorins},
  author={Pasterkamp, R Jeroen},
  journal={Nature Reviews Neuroscience},
  volume={13},
  number={9},
  pages={605--618},
  year={2012},
  publisher={Nature Publishing Group}
}
