@article{payne1991visual,
  title={The visual map in the corpus callosum of the cat},
  author={Payne, BR and Siwek, DF},
  journal={Cerebral Cortex},
  volume={1},
  number={2},
  pages={173--188},
  year={1991},
  publisher={Oxford Univ Press}
}
