@article{pearson2004specification,
  title={Specification of temporal identity in the developing nervous system},
  author={Pearson, Bret J and Doe, Chris Q},
  journal={Annu. Rev. Cell Dev. Biol.},
  volume={20},
  pages={619--647},
  year={2004},
  publisher={Annual Reviews}
}
