@article{peco2016drosophila,
  title={Drosophila astrocytes cover specific territories of CNS neuropil and are instructed to differentiate by Prospero, a key effector of Notch},
  author={Peco, Emilie and Davla, Sejal and Camp, Darius and Stacey, Stephanie and Landgraf, Matthias and van Meyel, Don},
  journal={Development},
  pages={dev--133165},
  year={2016},
  publisher={Oxford University Press for The Company of Biologists Limited}
}
