@article{pernet2013long,
  title={Long-distance axonal regeneration induced by CNTF gene transfer is impaired by axonal misguidance in the injured adult optic nerve},
  author={Pernet, Vincent and Joly, Sandrine and Dalkara, Deniz and Jordi, No{\'e}mie and Schwarz, Olivia and Christ, Franziska and Schaffer, David V and Flannery, John G and Schwab, Martin E},
  journal={Neurobiology of disease},
  volume={51},
  pages={202--213},
  year={2013},
  publisher={Elsevier}
}
