@article{perrin2001distinct,
  title={Distinct subpopulations of sensory afferents require F11 or axonin-1 for growth to their target layers within the spinal cord of the chick},
  author={Perrin, Florence E and Rathjen, Fritz G and Stoeckli, Esther T},
  journal={Neuron},
  volume={30},
  number={3},
  pages={707--723},
  year={2001},
  publisher={Elsevier}
}
