@article{peters2002patterning,
  title={Patterning the neural retina},
  author={Peters, Maureen A},
  journal={Current opinion in neurobiology},
  volume={12},
  number={1},
  pages={43--48},
  year={2002},
  publisher={Elsevier}
}
