@article{peters2002dorsal,
  title={The dorsal--ventral axis of the neural retina is divided into multiple domains of restricted gene expression which exhibit features of lineage compartments},
  author={Peters, Maureen A and Cepko, Constance L},
  journal={Developmental biology},
  volume={251},
  number={1},
  pages={59--73},
  year={2002},
  publisher={Elsevier}
}
