@article{petros2010ephrin,
  title={Ephrin-B2 elicits differential growth cone collapse and axon retraction in retinal ganglion cells from distinct retinal regions},
  author={Petros, Timothy J and Bryson, J Barney and Mason, Carol},
  journal={Developmental neurobiology},
  volume={70},
  number={11},
  pages={781--794},
  year={2010},
  publisher={Wiley Online Library}
}
