@article{petros2009utero,
  title={In utero and ex vivo electroporation for gene expression in mouse retinal ganglion cells},
  author={Petros, Timothy J and Rebsam, Alexandra and Mason, Carol A},
  journal={JoVE (Journal of Visualized Experiments)},
  number={31},
  pages={e1333--e1333},
  year={2009}
}
