@article{petros2008retinal,
  title={Retinal axon growth at the optic chiasm: to cross or not to cross},
  author={Petros, Timothy J and Rebsam, Alexandra and Mason, Carol A},
  journal={Annu. Rev. Neurosci.},
  volume={31},
  pages={295--315},
  year={2008},
  publisher={Annual Reviews}
}
