@article{petros2006temporal,
  title={Temporal regulation of EphA4 in astroglia during murine retinal and optic nerve development},
  author={Petros, Timothy J and Williams, Scott E and Mason, Carol A},
  journal={Molecular and Cellular Neuroscience},
  volume={32},
  number={1},
  pages={49--66},
  year={2006},
  publisher={Elsevier}
}
