@article{pfeiffenberger2006ephrin,
  title={Ephrin-As and patterned retinal activity act together in the development of topographic maps in the primary visual system},
  author={Pfeiffenberger, Cory and Yamada, Jena and Feldheim, David A},
  journal={The Journal of Neuroscience},
  volume={26},
  number={50},
  pages={12873--12884},
  year={2006},
  publisher={Soc Neuroscience}
}
