@article{piper2009neuropilin,
  title={Neuropilin 1-Sema signaling regulates crossing of cingulate pioneering axons during development of the corpus callosum},
  author={Piper, Michael and Plachez, C{\'e}line and Zalucki, Oressia and Fothergill, Thomas and Goudreau, Guy and Erzurumlu, Reha and Gu, Chenghua and Richards, Linda J},
  journal={Cerebral cortex},
  volume={19},
  number={suppl 1},
  pages={i11--i21},
  year={2009},
  publisher={Oxford Univ Press}
}
