@article{piper2009multiple,
  title={Multiple non-cell-autonomous defects underlie neocortical callosal dysgenesis in Nfib-deficient mice},
  author={Piper, Michael and Moldrich, Randal X and Lindwall, Charlotta and Little, Erica and Barry, Guy and Mason, Sharon and Sunn, Nana and Kurniawan, Nyoman Dana and Gronostajski, Richard M and Richards, Linda J},
  journal={Neural Dev},
  volume={4},
  pages={43},
  year={2009}
}
