@article{piret2015support,
  title={Support of neuronal growth over glial growth and guidance of optic nerve axons by vertical nanowire arrays},
  author={Piret, GaeÌˆlle and Perez, Maria-Thereza and Prinz, Christelle N},
  journal={ACS applied materials \& interfaces},
  volume={7},
  number={34},
  pages={18944--18948},
  year={2015},
  publisher={ACS Publications}
}
