@article{pittman2008pathfinding,
  title={Pathfinding in a large vertebrate axon tract: isotypic interactions guide retinotectal axons at multiple choice points},
  author={Pittman, Andrew J and Law, Mei-Yee and Chien, Chi-Bin},
  journal={Development},
  volume={135},
  number={17},
  pages={2865--2871},
  year={2008},
  publisher={The Company of Biologists Limited}
}
