@article{pittman2010nev,
  title={nev (cyfip2) is required for retinal lamination and axon guidance in the zebrafish retinotectal system},
  author={Pittman, Andrew J and Gaynes, John A and Chien, Chi-Bin},
  journal={Developmental biology},
  volume={344},
  number={2},
  pages={784--794},
  year={2010},
  publisher={Elsevier}
}
