@article{plas2008bone,
  title={Bone morphogenetic proteins, eye patterning, and retinocollicular map formation in the mouse},
  author={Plas, Daniel T and Dhande, Onkar S and Lopez, Joshua E and Murali, Deepa and Thaller, Christina and Henkemeyer, Mark and Furuta, Yasuhide and Overbeek, Paul and Crair, Michael C},
  journal={The Journal of Neuroscience},
  volume={28},
  number={28},
  pages={7057--7067},
  year={2008},
  publisher={Soc Neuroscience}
}
