@article{plas2005pretarget,
  title={Pretarget sorting of retinocollicular axons in the mouse},
  author={Plas, Daniel T and Lopez, Joshua E and Crair, Michael C},
  journal={Journal of Comparative Neurology},
  volume={491},
  number={4},
  pages={305--319},
  year={2005},
  publisher={Wiley Online Library}
}
