@article{plump2002slit1,
  title={Slit1 and Slit2 cooperate to prevent premature midline crossing of retinal axons in the mouse visual system},
  author={Plump, Andrew S and Erskine, Lynda and Sabatier, Christelle and Brose, Katja and Epstein, Charles J and Goodman, Corey S and Mason, Carol A and Tessier-Lavigne, Marc},
  journal={Neuron},
  volume={33},
  number={2},
  pages={219--232},
  year={2002},
  publisher={Elsevier}
}
