@article{poliak2015synergistic,
  title={Synergistic integration of Netrin and ephrin axon guidance signals by spinal motor neurons},
  author={Poliak, Sebastian and Morales, Daniel and Croteau, Louis-Philippe and Krawchuk, Dayana and Palmesino, Elena and Morton, Susan and Jean-Fran{\c{c}}ois, Cloutier and Charron, Frederic and Dalva, Matthew B and Ackerman, Susan L and others},
  journal={eLife},
  pages={e10841},
  year={2015},
  publisher={eLife Sciences Publications Limited}
}
