@article{polleux2005genetic,
  title={Genetic Mechanisms Specifying Cortical Connectivity: Letâ€™s MakeSome Projections Together},
  author={Polleux, Franck},
  journal={Neuron},
  volume={46},
  number={3},
  pages={395--400},
  year={2005},
  publisher={Elsevier}
}
