@article{polleux1998patterning,
  title={Patterning of cortical efferent projections by semaphorin-neuropilin interactions},
  author={Polleux, Franck and Giger, Roman J and Ginty, David D and Kolodkin, Alex L and Ghosh, Anirvan},
  journal={Science},
  volume={282},
  number={5395},
  pages={1904--1906},
  year={1998},
  publisher={American Association for the Advancement of Science}
}
