@article{pont2014microglia,
  title={Microglia shape corpus callosum axon tract fasciculation: functional impact of prenatal inflammation},
  author={Pont-Lezica, Lorena and Beumer, Wouter and Colasse, Sabrina and Drexhage, Hemmo and Versnel, Marjan and Bessis, Alain},
  journal={European Journal of Neuroscience},
  volume={39},
  number={10},
  pages={1551--1557},
  year={2014},
  publisher={Wiley Online Library}
}
