@article{poulain2013proteoglycan,
  title={Proteoglycan-Mediated Axon Degeneration Corrects Pretarget Topographic Sorting Errors},
  author={Poulain, Fabienne E and Chien, Chi-Bin},
  journal={Neuron},
  volume={78},
  number={1},
  pages={49--56},
  year={2013},
  publisher={Elsevier}
}
