@article{poulin2016disentangling,
  title={Disentangling neural cell diversity using single-cell transcriptomics},
  author={Poulin, Jean-Francois and Tasic, Bosiljka and Hjerling-Leffler, Jens and Trimarchi, Jeffrey M and Awatramani, Rajeshwar},
  journal={Nature Neuroscience},
  volume={19},
  number={9},
  pages={1131--1141},
  year={2016},
  publisher={Nature Research}
}
