@article{powell2008topography,
  title={Topography of thalamic projections requires attractive and repulsive functions of Netrin-1 in the ventral telencephalon},
  author={Powell, Ashton W and Sassa, Takayuki and Wu, Yongqin and Tessier-Lavigne, Marc and Polleux, Franck},
  journal={PLoS biology},
  volume={6},
  number={5},
  pages={e116},
  year={2008},
  publisher={Public Library of Science}
}
