@article{pratt2006heparan,
  title={Heparan sulphation patterns generated by specific heparan sulfotransferase enzymes direct distinct aspects of retinal axon guidance at the optic chiasm},
  author={Pratt, Thomas and Conway, Christopher D and Tian, Natasha MM-L and Price, David J and Mason, John O},
  journal={The Journal of neuroscience},
  volume={26},
  number={26},
  pages={6911--6923},
  year={2006},
  publisher={Soc Neuroscience}
}
