@article{preitner2016imp2,
  title={IMP2 axonal localization, RNA interactome, and function in development of axon trajectories},
  author={Preitner, Nicolas and Quan, Jie and Li, Xinmin and Nielsen, Finn C and Flanagan, John G},
  journal={Development},
  pages={dev--128348},
  year={2016},
  publisher={Oxford University Press for The Company of Biologists Limited}
}
