@article{price1975observation,
  title={Observation on the lateral olfactory tract of the rat},
  author={Price, JL and Sprich, WW},
  journal={Journal of Comparative Neurology},
  volume={162},
  number={3},
  pages={321--336},
  year={1975},
  publisher={Wiley Online Library}
}
