@article{price2012cell,
  title={Cell adhesion and migration in the organization of spinal motor neurons},
  author={Price, Stephen R},
  journal={Cell adhesion \& migration},
  volume={6},
  number={5},
  pages={385--389},
  year={2012},
  publisher={Taylor \& Francis}
}
