@article{raft2014ephrin,
  title={Ephrin-B2 governs morphogenesis of endolymphatic sac and duct epithelia in the mouse inner ear},
  author={Raft, Steven and Andrade, Leonardo R and Shao, Dongmei and Akiyama, Haruhiko and Henkemeyer, Mark and Wu, Doris K},
  journal={Developmental biology},
  volume={390},
  number={1},
  pages={51--67},
  year={2014},
  publisher={Elsevier}
}
