@article{rager1996expression,
  title={Expression of the axonal cell adhesion molecules axonin-1 and Ng-CAM during the development of the chick retinotectal system},
  author={Rager, G{\"u}nter and Morino, Patrizia and Schnitzer, Jutta and Sonderegger, Peter},
  journal={Journal of Comparative Neurology},
  volume={365},
  number={4},
  pages={594--609},
  year={1996},
  publisher={Wiley Online Library}
}
