@article{rager1988transformations,
  title={Transformations of the retinal topography along the visual pathway of the chicken},
  author={Rager, Ute and Rager, G{\"u}nter and Kabiersch, Alexa},
  journal={Anatomy and embryology},
  volume={179},
  number={2},
  pages={135--148},
  year={1988},
  publisher={Springer}
}
