@article{randlett2011oriented,
  title={The oriented emergence of axons from retinal ganglion cells is directed by laminin contact in vivo},
  author={Randlett, Owen and Poggi, Lucia and Zolessi, Flavio R and Harris, William A},
  journal={Neuron},
  volume={70},
  number={2},
  pages={266--280},
  year={2011},
  publisher={Elsevier}
}
