@article{rapaport1995spatiotemporal,
  title={Spatiotemporal gradients of cell genesis in the primate retina.},
  author={Rapaport, DH and Rakic, P and LaVail, MM},
  journal={Perspectives on developmental neurobiology},
  volume={3},
  number={3},
  pages={147--159},
  year={1995}
}
