@article{raper2000semaphorins,
  title={Semaphorins and their receptors in vertebrates and invertebrates},
  author={Raper, Jonathan A},
  journal={Current opinion in neurobiology},
  volume={10},
  number={1},
  pages={88--94},
  year={2000},
  publisher={Elsevier}
}
