@article{raper1984pathfinding,
  title={Pathfinding by neuronal growth cones in grasshopper embryos. IV. The effects of ablating the A and P axons upon the behavior of the G growth cone},
  author={Raper, JONATHAN A and Bastiani, MICHAEL J and Goodman, COREY S},
  journal={The Journal of neuroscience},
  volume={4},
  number={9},
  pages={2329--2345},
  year={1984},
  publisher={Soc Neuroscience}
}
