@article{raper2010cellular,
  title={Cellular strategies of axonal pathfinding},
  author={Raper, Jonathan and Mason, Carol},
  journal={Cold Spring Harbor perspectives in biology},
  volume={2},
  number={9},
  pages={a001933},
  year={2010},
  publisher={Cold Spring Harbor Lab}
}
