@article{raper1983pathfinding,
  title={Pathfinding by neuronal growth cones in grasshopper embryos. II. Selective fasciculation onto specific axonal pathways},
  author={Raper, JONATHAN A and Bastiani, MICHAEL and Goodman, COREY S},
  journal={The Journal of Neuroscience},
  volume={3},
  number={1},
  pages={31--41},
  year={1983},
  publisher={Soc Neuroscience}
}
