@inproceedings{raper1983guidance,
  title={Guidance of neuronal growth cones: selective fasciculation in the grasshopper embryo},
  author={Raper, JA and Bastiani, MJ and Goodman, CS},
  booktitle={Cold Spring Harbor symposia on quantitative biology},
  volume={48},
  pages={587--598},
  year={1983},
  organization={Cold Spring Harbor Laboratory Press}
}
