@article{raper1990temporal,
  title={Temporal retinal growth cones collapse on contact with nasal retinal axons},
  author={Raper, Jonathan A and Grunewald, E Barbara},
  journal={Experimental neurology},
  volume={109},
  number={1},
  pages={70--74},
  year={1990},
  publisher={Elsevier}
}
