@article{rathjen1987membrane,
  title={Membrane glycoproteins involved in neurite fasciculation.},
  author={Rathjen, Fritz G and Wolff, J Michael and Frank, Rainer and Bonhoeffer, Friedrich and Rutishauser, Urs},
  journal={The Journal of cell biology},
  volume={104},
  number={2},
  pages={343--353},
  year={1987},
  publisher={Rockefeller Univ Press}
}
