@article{rathjen1987neurofascin,
  title={Neurofascin: a novel chick cell-surface glycoprotein involved in neurite-neurite interactions},
  author={Rathjen, Fritz G and Wolff, J Michael and Chang, Susannah and Bonhoeffer, Friedrich and Raper, Jonathan A},
  journal={Cell},
  volume={51},
  number={5},
  pages={841--849},
  year={1987},
  publisher={Elsevier}
}
