@article{rawat2010molecular,
  title={Molecular mechanism of polyethylene glycol mediated stabilization of protein},
  author={Rawat, Sanjay and Suri, C Raman and Sahoo, Debendra K},
  journal={Biochemical and biophysical research communications},
  volume={392},
  number={4},
  pages={561--566},
  year={2010},
  publisher={Elsevier}
}
