@article{reardon2016rabies,
  title={Rabies Virus CVS-N2c $\Delta$G Strain Enhances Retrograde Synaptic Transfer and Neuronal Viability},
  author={Reardon, Thomas R and Murray, Andrew J and Turi, Gergely F and Wirblich, Christoph and Croce, Katherine R and Schnell, Matthias J and Jessell, Thomas M and Losonczy, Attila},
  journal={Neuron},
  volume={89},
  number={4},
  pages={711--724},
  year={2016},
  publisher={Elsevier}
}
