@article{rebsam2009switching,
  title={Switching retinogeniculate axon laterality leads to normal targeting but abnormal eye-specific segregation that is activity dependent},
  author={Rebsam, Alexandra and Petros, Timothy J and Mason, Carol A},
  journal={The Journal of Neuroscience},
  volume={29},
  number={47},
  pages={14855--14863},
  year={2009},
  publisher={Soc Neuroscience}
}
