@article{rebsam2002refinement,
  title={Refinement of thalamocortical arbors and emergence of barrel domains in the primary somatosensory cortex: a study of normal and monoamine oxidase a knock-out mice},
  author={Rebsam, Alexandra and Seif, Isabelle and Gaspar, Patricia},
  journal={The Journal of neuroscience},
  volume={22},
  number={19},
  pages={8541--8552},
  year={2002},
  publisher={Soc Neuroscience}
}
