@article{reeber2014bergmann,
  title={Bergmann glia are patterned into topographic molecular zones in the developing and adult mouse cerebellum},
  author={Reeber, Stacey L and Arancillo, Marife and Sillitoe, Roy V},
  journal={The Cerebellum},
  pages={1--12},
  year={2014},
  publisher={Springer}
}
