@article{reeber2013architecture,
  title={Architecture and development of olivocerebellar circuit topography},
  author={Reeber, Stacey L and White, Joshua J and George-Jones, Nicholas A and Sillitoe, Roy V},
  journal={Frontiers in neural circuits},
  volume={6},
  pages={115},
  year={2013},
  publisher={Frontiers}
}
