@article{reese1988segregation,
  title={Segregation of functionally distinct axons in the monkey's optic tract},
  author={Reese, BE and Cowey, A},
  journal={Nature},
  volume={331},
  number={6154},
  pages={350--351},
  year={1988},
  publisher={Nature Publishing Group}
}
