@article{reese1997chronotopic,
  title={Chronotopic fiber reordering and the distribution of cell adhesion and extracellular matrix molecules in the optic pathway of fetal ferrets},
  author={Reese, BE and Johnson, PT and Hocking, DR and Bolles, AB},
  journal={Journal of Comparative Neurology},
  volume={380},
  number={3},
  pages={355--372},
  year={1997},
  publisher={Wiley Online Library}
}
