@article{reese1990fibre,
  title={Fibre organization of the monkey's optic tract: I. Segregation of functionally distinct optic axons},
  author={Reese, BE and Cowey, A},
  journal={Journal of Comparative Neurology},
  volume={295},
  number={3},
  pages={385--400},
  year={1990},
  publisher={Wiley Online Library}
}
