@article{reese1987position,
  title={The position of the crossed and uncrossed optic axons, and the non-optic axons, in the optic tract of the rat},
  author={Reese, BE},
  journal={Neuroscience},
  volume={22},
  number={3},
  pages={1025--1039},
  year={1987},
  publisher={Elsevier}
}
