@article{reese1987distributionrat,
  title={The distribution of axons according to diameter in the optic nerve and optic tract of the rat},
  author={Reese, BE},
  journal={Neuroscience},
  volume={22},
  number={3},
  pages={1015--1024},
  year={1987},
  publisher={Elsevier}
}
