@article{reese1990fibre,
  title={Fibre organization of the monkey's optic tract: II. Noncongruent representation of the two half-retinae},
  author={Reese, BE and Cowey, A},
  journal={Journal of Comparative Neurology},
  volume={295},
  number={3},
  pages={401--412},
  year={1990},
  publisher={Wiley Online Library}
}
