@article{reese1994birthdates,
  title={Birthdates of neurons in the retinal ganglion cell layer of the ferret},
  author={Reese, BE and Thompson, WF and Peduzzi, JD},
  journal={Journal of Comparative Neurology},
  volume={341},
  number={4},
  pages={464--475},
  year={1994},
  publisher={Wiley Online Library}
}
