@article{reese1992changes,
  title={Changes in fiber organization within the chiasmatic region of mammals},
  author={Reese, Benjamin E and Baker, Gary E},
  journal={Visual neuroscience},
  volume={9},
  number={06},
  pages={527--533},
  year={1992},
  publisher={Cambridge Univ Press}
}
