@article{reese1993re,
  title={The re-establishment of the representation of the dorso-ventral retinal axis in the chiasmatic region of the ferret},
  author={Reese, Benjamin E and Baker, Gary E},
  journal={Visual neuroscience},
  volume={10},
  number={05},
  pages={957--968},
  year={1993},
  publisher={Cambridge Univ Press}
}
