@article{reh1983organization,
  title={The organization of the fibers in the optic nerve of normal and tectum-less Rana pipiens},
  author={Reh, Thomas A and Pitts, Eleanor and Constantine-Paton, Martha},
  journal={Journal of Comparative Neurology},
  volume={218},
  number={3},
  pages={282--296},
  year={1983},
  publisher={Wiley Online Library}
}
