@article{ren2006imaging,
  title={Imaging, anatomical, and molecular analysis of callosal formation in the developing human fetal brain},
  author={Ren, Tianbo and Anderson, Aurora and Shen, Wei-Bin and Huang, Hao and Plachez, Celine and Zhang, Jiangyang and Mori, Susumu and Kinsman, Stephen L and Richards, Linda J},
  journal={The Anatomical Record Part A: Discoveries in Molecular, Cellular, and Evolutionary Biology},
  volume={288},
  number={2},
  pages={191--204},
  year={2006},
  publisher={Wiley Online Library}
}
