@article{ressler1994information,
  title={Information coding in the olfactory system: evidence for a stereotyped and highly organized epitope map in the olfactory bulb},
  author={Ressler, Kerry J and Sullivan, Susan L and Buck, Linda B},
  journal={Cell},
  volume={79},
  number={7},
  pages={1245--1255},
  year={1994},
  publisher={Elsevier}
}
