@article{ressler1993zonal,
  title={A zonal organization of odorant receptor gene expression in the olfactory epithelium},
  author={Ressler, Kerry J and Sullivan, Susan L and Buck, Linda B},
  journal={Cell},
  volume={73},
  number={3},
  pages={597--609},
  year={1993},
  publisher={Elsevier}
}
