@article{riccomagno2015sculpting,
  title={Sculpting Neural Circuits by Axon and Dendrite Pruning},
  author={Riccomagno, Martin M and Kolodkin, Alex L},
  journal={Annual Review of Cell and Developmental Biology},
  volume={31},
  number={1},
  year={2015},
  publisher={Annual Reviews 4139 El Camino Way, PO Box 10139, Palo Alto, California 94303-0139, USA}
}
