@article{rice2001reelin,
  title={The reelin pathway modulates the structure and function of retinal synaptic circuitry},
  author={Rice, Dennis S and Nusinowitz, Steve and Azimi, Asif M and Mart{\i}ÃÅnez, Albert and Soriano, Eduardo and Curran, Tom},
  journal={Neuron},
  volume={31},
  number={6},
  pages={929--941},
  year={2001},
  publisher={Elsevier}
}
