@article{richard2013homotypic,
  title={Homotypic and heterotypic adhesion induced by odorant receptors and the $\beta$2-adrenergic receptor},
  author={Richard, Marion and Jamet, Sophie and Fouquet, Coralie and Dubacq, Caroline and Boggetto, Nicole and Pincet, Fr{\'e}d{\'e}ric and Gourier, Christine and Trembleau, Alain},
  journal={PloS one},
  volume={8},
  number={12},
  pages={e80100},
  year={2013},
  publisher={Public Library of Science}
}
