@article{richards2004mechanisms,
  title={Mechanisms regulating the development of the corpus callosum and its agenesis in mouse and human},
  author={Richards, LJ and Plachez, C and Ren, T},
  journal={Clinical genetics},
  volume={66},
  number={4},
  pages={276--289},
  year={2004},
  publisher={Wiley Online Library}
}
