@article{rivas1992rapid,
  title={Rapid effects of laminin on the growth cone},
  author={Rivas, Rodolfo J and Burmeister, Donald W and Goldberg, Daniel J},
  journal={Neuron},
  volume={8},
  number={1},
  pages={107--115},
  year={1992},
  publisher={Elsevier}
}
