@article{rivlin2011transgenic,
  title={Transgenic mice reveal unexpected diversity of on-off direction-selective retinal ganglion cell subtypes and brain structures involved in motion processing},
  author={Rivlin-Etzion, Michal and Zhou, Kaili and Wei, Wei and Elstrott, Justin and Nguyen, Phong L and Barres, Ben A and Huberman, Andrew D and Feller, Marla B},
  journal={The Journal of Neuroscience},
  volume={31},
  number={24},
  pages={8760--8769},
  year={2011},
  publisher={Soc Neuroscience}
}
