@article{robichaux2014ephb,
  title={EphB receptor forward signaling regulates area-specific reciprocal thalamic and cortical axon pathfinding},
  author={Robichaux, Michael A and Chenaux, George and Ho, Hsin-Yi Henry and Soskis, Michael J and Dravis, Christopher and Kwan, Kenneth Y and {\v{S}}estan, Nenad and Greenberg, Michael Eldon and Henkemeyer, Mark and Cowan, Christopher W},
  journal={Proceedings of the National Academy of Sciences},
  volume={111},
  number={6},
  pages={2188--2193},
  year={2014},
  publisher={National Acad Sciences}
}
