@article{rosenberg2014schwann,
  title={Schwann cells and deleted in colorectal carcinoma direct regenerating motor axons towards their original path},
  author={Rosenberg, Allison F and Isaacman-Beck, Jesse and Franzini-Armstrong, Clara and Granato, Michael},
  journal={The Journal of Neuroscience},
  volume={34},
  number={44},
  pages={14668--14681},
  year={2014},
  publisher={Soc Neuroscience}
}
