@article{rossi2015genetic,
  title={Genetic compensation induced by deleterious mutations but not gene knockdowns},
  author={Rossi, Andrea and Kontarakis, Zacharias and Gerri, Claudia and Nolte, Hendrik and H{\"o}lper, Soraya and Kr{\"u}ger, Marcus and Stainier, Didier YR},
  journal={Nature},
  volume={524},
  number={7564},
  pages={230--233},
  year={2015},
  publisher={Nature Publishing Group}
}
