@article{rossler1999development,
  title={Development of a glia-rich axon-sorting zone in the olfactory pathway of the moth Manduca sexta},
  author={R{\"o}ssler, Wolfgang and Oland, Lynne A and Higgins, Mark R and Hildebrand, John G and Tolbert, Leslie P},
  journal={The Journal of neuroscience},
  volume={19},
  number={22},
  pages={9865--9877},
  year={1999},
  publisher={Soc Neuroscience}
}
