@article{rubel2002auditory,
  title={Auditory system development: primary auditory neurons and their targets},
  author={Rubel, Edwin W and Fritzsch, Bernd},
  journal={Annual review of neuroscience},
  volume={25},
  number={1},
  pages={51--101},
  year={2002},
  publisher={Annual Reviews 4139 El Camino Way, PO Box 10139, Palo Alto, CA 94303-0139, USA}
}
