@article{rutishauser1978adhesion,
  title={Adhesion among neural cells of the chick embryo. IV. Role of the cell surface molecule CAM in the formation of neurite bundles in cultures of spinal ganglia.},
  author={Rutishauser, Urs and Gall, W Einar and Edelman, Gerald M},
  journal={The Journal of cell biology},
  volume={79},
  number={2},
  pages={382--393},
  year={1978},
  publisher={Rockefeller Univ Press}
}
