@article{rutkowski2016unraveling,
  title={Unraveling the genetic architecture of copy number variants associated with schizophrenia and other neuropsychiatric disorders},
  author={Rutkowski, Timothy P and Schroeder, Jason P and Gafford, Georgette M and Warren, Stephen T and Weinshenker, David and Caspary, Tamara and Mulle, Jennifer G},
  journal={Journal of Neuroscience Research},
  year={2016},
  publisher={Wiley Online Library}
}
