@article{saito2001efficient,
  title={Efficient gene transfer into the embryonic mouse brain using in vivo electroporation},
  author={Saito, Tetsuichiro and Nakatsuji, Norio},
  journal={Developmental biology},
  volume={240},
  number={1},
  pages={237--246},
  year={2001},
  publisher={Elsevier}
}
