@article{sakano2010neural,
  title={Neural map formation in the mouse olfactory system},
  author={Sakano, Hitoshi},
  journal={Neuron},
  volume={67},
  number={4},
  pages={530--542},
  year={2010},
  publisher={Elsevier}
}
