@article{sakai2006semaphorin,
  title={Semaphorin 3d guides laterality of retinal ganglion cell projections in zebrafish},
  author={Sakai, Jill A and Halloran, Mary C},
  journal={Development},
  volume={133},
  number={6},
  pages={1035--1044},
  year={2006},
  publisher={The Company of Biologists Ltd}
}
