@article{sakai2012axon,
  title={Axon sorting within the spinal cord marginal zone via Robo-mediated inhibition of N-cadherin controls spinocerebellar tract formation},
  author={Sakai, Nozomi and Insolera, Ryan and Sillitoe, Roy V and Shi, Song-Hai and Kaprielian, Zaven},
  journal={The Journal of Neuroscience},
  volume={32},
  number={44},
  pages={15377--15387},
  year={2012},
  publisher={Soc Neuroscience}
}
