@article{sakai2012guidance,
  title={Guidance of longitudinally projecting axons in the developing central nervous system},
  author={Sakai, Nozomi and Kaprielian, Zaven},
  journal={Frontiers in molecular neuroscience},
  volume={5},
  year={2012},
  publisher={Frontiers Media SA}
}
