@article{salichon2001excessive,
  title={Excessive activation of serotonin (5-HT) 1B receptors disrupts the formation of sensory maps in monoamine oxidase a and 5-ht transporter knock-out mice},
  author={Salichon, Nathalie and Gaspar, Patricia and Upton, A Louise and Picaud, Sandrine and Hanoun, Na{\i}Ìˆma and Hamon, Michel and De Maeyer, Edward and Murphy, Dennis L and M{\"o}ssner, Rainald and Lesch, Klaus Peter and others},
  journal={The Journal of Neuroscience},
  volume={21},
  number={3},
  pages={884--896},
  year={2001},
  publisher={Soc Neuroscience}
}
