@article{salinas2008wnt,
  title={Wnt signaling in neural circuit assembly},
  author={Salinas, Patricia C and Zou, Yimin},
  journal={Annu. Rev. Neurosci.},
  volume={31},
  pages={339--358},
  year={2008},
  publisher={Annual Reviews}
}
