@article{sando1965anatomical,
  title={The anatomical interrelationships of the cochlear nerve fibers},
  author={Sando, Isamu},
  journal={Acta Oto-Laryngologica},
  volume={59},
  number={2-6},
  pages={417--436},
  year={1965},
  publisher={Informa UK Ltd UK}
}
