@article{sanders2012novo,
  title={De novo mutations revealed by whole-exome sequencing are strongly associated with autism},
  author={Sanders, Stephan J and Murtha, Michael T and Gupta, Abha R and Murdoch, John D and Raubeson, Melanie J and Willsey, A Jeremy and Ercan-Sencicek, A Gulhan and DiLullo, Nicholas M and Parikshak, Neelroop N and Stein, Jason L and others},
  journal={Nature},
  volume={485},
  number={7397},
  pages={237--241},
  year={2012},
  publisher={Nature Publishing Group}
}
