@article{sanes1989extracellular,
  title={Extracellular matrix molecules that influence neural development},
  author={Sanes, Joshua R},
  journal={Annual review of neuroscience},
  volume={12},
  number={1},
  pages={491--516},
  year={1989},
  publisher={Annual Reviews 4139 El Camino Way, PO Box 10139, Palo Alto, CA 94303-0139, USA}
}
