@article{sanes2015types,
  title={The types of retinal ganglion cells: current status and implications for neuronal classification},
  author={Sanes, Joshua R and Masland, Richard H},
  journal={Annual review of neuroscience},
  volume={38},
  pages={221--246},
  year={2015},
  publisher={Annual Reviews}
}
