@article{sarthy1990localization,
  title={Localization of laminin B1 mRNA in retinal ganglion cells by in situ hybridization.},
  author={Sarthy, P Vijay and Fu, Marlene},
  journal={The Journal of cell biology},
  volume={110},
  number={6},
  pages={2099--2108},
  year={1990},
  publisher={Rockefeller Univ Press}
}
