@article{satoda1995differential,
  title={Differential expression of two cell surface proteins, neuropilin and plexin, in Xenopus olfactory axon subclasses},
  author={Satoda, M and Takagi, S and Ohta, K and Hirata, T and Fujisawa, H},
  journal={The Journal of neuroscience},
  volume={15},
  number={1},
  pages={942--955},
  year={1995},
  publisher={Soc Neuroscience}
}
