@article{saucier1986analysis,
  title={Analysis of the topographical organization of olfactory epithelium projections in the rat},
  author={Saucier, Diane and Astic, Liliane},
  journal={Brain research bulletin},
  volume={16},
  number={4},
  pages={455--462},
  year={1986},
  publisher={Elsevier}
}
