@article{saygin2016connectivity,
  title={Connectivity precedes function in the development of the visual word form area},
  author={Saygin, Zeynep M and Osher, David E and Norton, Elizabeth S and Youssoufian, Deanna A and Beach, Sara D and Feather, Jenelle and Gaab, Nadine and Gabrieli, John DE and Kanwisher, Nancy},
  journal={Nature Neuroscience},
  year={2016},
  publisher={Nature Research}
}
