@article{scalia1974retinotopic,
  title={A retinotopic analysis of the central connections of the optic nerve in the frog},
  author={Scalia, Frank and Fite, Katherine},
  journal={Journal of Comparative Neurology},
  volume={158},
  number={4},
  pages={455--477},
  year={1974},
  publisher={Wiley Online Library}
}
