@article{scalia1983anti,
  title={The anti-retinotopic organization of the frog's optic nerve},
  author={Scalia, Frank and Arango, Victoria},
  journal={Brain research},
  volume={266},
  number={1},
  pages={121--126},
  year={1983},
  publisher={Elsevier}
}
