@article{schafer2012microglia,
  title={Microglia sculpt postnatal neural circuits in an activity and complement-dependent manner},
  author={Schafer, Dorothy P and Lehrman, Emily K and Kautzman, Amanda G and Koyama, Ryuta and Mardinly, Alan R and Yamasaki, Ryo and Ransohoff, Richard M and Greenberg, Michael E and Barres, Ben A and Stevens, Beth},
  journal={Neuron},
  volume={74},
  number={4},
  pages={691--705},
  year={2012},
  publisher={Elsevier}
}
