@article{scheiffele2013preparing,
  title={Preparing for Your Future as You Grow},
  author={Scheiffele, Peter},
  journal={Neuron},
  volume={78},
  number={5},
  pages={751--752},
  year={2013},
  publisher={Elsevier}
}
