@article{schitine2015astrocyte,
  title={Astrocyte heterogeneity in the brain: from development to disease},
  author={Schitine, Clarissa and Nogaroli, Luciana and Costa, Marcos R and Hedin-Pereira, Cecilia},
  journal={Frontiers in cellular neuroscience},
  volume={9},
  year={2015},
  publisher={Frontiers Media SA}
}
