@article{schlapak2006glass,
  title={Glass surfaces grafted with high-density poly (ethylene glycol) as substrates for DNA oligonucleotide microarrays},
  author={Schlapak, Robert and Pammer, Patrick and Armitage, David and Zhu, Rong and Hinterdorfer, Peter and Vaupel, Matthias and Fr{\"u}hwirth, Thomas and Howorka, Stefan},
  journal={Langmuir},
  volume={22},
  number={1},
  pages={277--285},
  year={2006},
  publisher={ACS Publications}
}
