@article{schmitz2008fat,
  title={The Fat-like cadherin CDH-4 controls axon fasciculation, cell migration and hypodermis and pharynx development in Caenorhabditis elegans},
  author={Schmitz, Caroline and Wacker, Irene and Hutter, Harald},
  journal={Developmental biology},
  volume={316},
  number={2},
  pages={249--259},
  year={2008},
  publisher={Elsevier}
}
