@article{scholes1979nerve,
  title={Nerve fibre topography in the retinal projection to the tectum.},
  author={Scholes, JH},
  journal={Nature},
  volume={278},
  number={5705},
  pages={620--624},
  year={1979}
}
