@article{schutte1993ipsilaterally,
  title={Ipsilaterally projecting retinal ganglion cells in Xenopus laevis: an HRP study},
  author={Sch{\"u}tte, Michael and Hoskins, Sally G},
  journal={Journal of Comparative Neurology},
  volume={331},
  number={4},
  pages={482--494},
  year={1993},
  publisher={Wiley Online Library}
}
