@article{schwabe2014differential,
  title={Differential Adhesion Determines the Organization of Synaptic Fascicles in the< i> Drosophila</i> Visual System},
  author={Schwabe, Tina and Borycz, Jolanta A and Meinertzhagen, Ian A and Clandinin, Thomas R},
  journal={Current Biology},
  year={2014},
  publisher={Elsevier}
}
