@article{schwob1986primary,
  title={The primary olfactory projection has two chemically distinct zones},
  author={Schwob, JE and Gottlieb, DI},
  journal={The Journal of neuroscience},
  volume={6},
  number={11},
  pages={3393--3404},
  year={1986},
  publisher={Soc Neuroscience}
}
