@article{schwob1984development,
  title={The development of axonal connections in the central olfactory system of rats},
  author={Schwob, James E and Price, Joseph L},
  journal={Journal of Comparative Neurology},
  volume={223},
  number={2},
  pages={177--202},
  year={1984},
  publisher={Wiley Online Library}
}
