@article{schwarting2000semaphorin,
  title={Semaphorin 3A is required for guidance of olfactory axons in mice},
  author={Schwarting, Gerald A and Kostek, Christine and Ahmad, Naira and Dibble, Christian and Pays, Laurent and P{\"u}schel, Andreas W},
  journal={The Journal of Neuroscience},
  volume={20},
  number={20},
  pages={7691--7697},
  year={2000},
  publisher={Soc Neuroscience}
}
