@article{scicolone2009key,
  title={Key roles of Ephs and ephrins in retinotectal topographic map formation},
  author={Scicolone, Gabriel and Ortalli, Ana Laura and Carri, N{\'e}stor Gabriel},
  journal={Brain research bulletin},
  volume={79},
  number={5},
  pages={227--247},
  year={2009},
  publisher={Elsevier}
}
