@article{seibt2003neurogenin2,
  title={Neurogenin2 specifies the connectivity of thalamic neurons by controlling axon responsiveness to intermediate target cues},
  author={Seibt, Julie and Schuurmans, Carol and Gradwhol, G{\'e}rard and Dehay, Colette and Vanderhaeghen, Pierre and Guillemot, Fran{\c{c}}ois and Polleux, Franck},
  journal={Neuron},
  volume={39},
  number={3},
  pages={439--452},
  year={2003},
  publisher={Elsevier}
}
