@article{senti2003flamingo,
  title={Flamingo regulates R8 axon-axon and axon-target interactions in the Drosophila visual system},
  author={Senti, Kirsten-Andr{\'e} and Usui, Tadao and Boucke, Karin and Greber, Urs and Uemura, Tadashi and Dickson, Barry J},
  journal={Current biology},
  volume={13},
  number={10},
  pages={828--832},
  year={2003},
  publisher={Elsevier}
}
