@article{serafini1996netrin,
  title={Netrin-1 is required for commissural axon guidance in the developing vertebrate nervous system},
  author={Serafini, Tito and Colamarino, Sophia A and Leonardo, E David and Wang, Hao and Beddington, Rosa and Skarnes, William C and Tessier-Lavigne, Marc},
  journal={Cell},
  volume={87},
  number={6},
  pages={1001--1014},
  year={1996},
  publisher={Elsevier}
}
