@article{serizawa2006neuronal,
  title={A neuronal identity code for the odorant receptor-specific and activity-dependent axon sorting},
  author={Serizawa, Shou and Miyamichi, Kazunari and Takeuchi, Haruki and Yamagishi, Yuya and Suzuki, Misao and Sakano, Hitoshi},
  journal={Cell},
  volume={127},
  number={5},
  pages={1057--1069},
  year={2006},
  publisher={Elsevier}
}
