@article{seth2006belladonna,
  title={belladonna/(lhx2) is required for neural patterning and midline axon guidance in the zebrafish forebrain},
  author={Seth, Anandita and Culverwell, James and Walkowicz, Mitchell and Toro, Sabrina and Rick, Jens M and Neuhauss, Stephan CF and Varga, Zoltan M and Karlstrom, Rolf O},
  journal={Development},
  volume={133},
  number={4},
  pages={725--735},
  year={2006},
  publisher={The Company of Biologists Ltd}
}
