@article{shanks2016corticothalamic,
  title={Corticothalamic Axons Are Essential for Retinal Ganglion Cell Axon Targeting to the Mouse Dorsal Lateral Geniculate Nucleus},
  author={Shanks, James A and Ito, Shinya and Schaevitz, Laura and Yamada, Jena and Chen, Bin and Litke, Alan and Feldheim, David A},
  journal={The Journal of Neuroscience},
  volume={36},
  number={19},
  pages={5252--5263},
  year={2016},
  publisher={Soc Neuroscience}
}
