@article{shatz1983prenatal,
  title={The prenatal development of the cat's retinogeniculate pathway},
  author={Shatz, CARLA J},
  journal={The Journal of Neuroscience},
  volume={3},
  number={3},
  pages={482--499},
  year={1983},
  publisher={Soc Neuroscience}
}
