@article{shen2010genetics,
  title={Genetics and cell biology of building specific synaptic connectivity},
  author={Shen, Kang and Scheiffele, Peter},
  journal={Annual review of neuroscience},
  volume={33},
  pages={473},
  year={2010},
  publisher={NIH Public Access}
}
