@article{shepherd1996distribution,
  title={The distribution of collapsin-1 mRNA in the developing chick nervous system},
  author={Shepherd, Iain and Luo, Yuling and Raper, Jonathan A and Chang, Susannah},
  journal={Developmental biology},
  volume={173},
  number={1},
  pages={185--199},
  year={1996},
  publisher={Elsevier}
}
