@article{shigeoka2016dynamic,
  title={Dynamic axonal translation in developing and mature visual circuits},
  author={Shigeoka, Toshiaki and Jung, Hosung and Jung, Jane and Turner-Bridger, Benita and Ohk, Jiyeon and Lin, Julie Qiaojin and Amieux, Paul S and Holt, Christine E},
  journal={Cell},
  volume={166},
  number={1},
  pages={181--192},
  year={2016},
  publisher={Elsevier}
}
