@article{shimogori2005fibroblast,
  title={Fibroblast growth factor 8 regulates neocortical guidance of area-specific thalamic innervation},
  author={Shimogori, Tomomi and Grove, Elizabeth A},
  journal={The Journal of neuroscience},
  volume={25},
  number={28},
  pages={6550--6560},
  year={2005},
  publisher={Soc Neuroscience}
}
