@article{shu2001cortical,
  title={Cortical axon guidance by the glial wedge during the development of the corpus callosum},
  author={Shu, Tianzhi and Richards, Linda J},
  journal={The Journal of Neuroscience},
  volume={21},
  number={8},
  pages={2749--2758},
  year={2001},
  publisher={Soc Neuroscience}
}
