@article{siddiqui2005differential,
  title={Differential expression of Eph receptors and ephrins in the cochlear ganglion and eighth cranial nerve of the chick embryo},
  author={Siddiqui, Shazia A and Cramer, Karina S},
  journal={Journal of Comparative Neurology},
  volume={482},
  number={4},
  pages={309--319},
  year={2005},
  publisher={Wiley Online Library}
}
