@article{sierra2016big,
  title={The “Big-Bang” for modern glial biology: Translation and comments on P{\'\i}o del R{\'\i}o-Hortega 1919 series of papers on microglia},
  author={Sierra, Amanda and de Castro, Fernando and del R{\'\i}o-Hortega, Juan and Rafael Iglesias-Rozas, Jos{\'e} and Garrosa, Manuel and Kettenmann, Helmut},
  journal={Glia},
  volume={64},
  number={11},
  pages={1801--1840},
  year={2016},
  publisher={Wiley Online Library}
}
