@article{silver1980mechanism,
  title={A mechanism for the guidance and topographic patterning of retinal ganglion cell axons},
  author={Silver, Jerry and Sidman, Richard L},
  journal={Journal of Comparative Neurology},
  volume={189},
  number={1},
  pages={101--111},
  year={1980},
  publisher={Wiley Online Library}
}
