@article{simon1991relationship,
  title={Relationship of retinotopic ordering of axons in the optic pathway to the formation of visual maps in central targets},
  author={Simon, David K and O'Leary, Dennis DM},
  journal={Journal of comparative neurology},
  volume={307},
  number={3},
  pages={393--404},
  year={1991},
  publisher={Wiley Online Library}
}
