@article{sloan2014mechanisms,
  title={Mechanisms of astrocyte development and their contributions to neurodevelopmental disorders},
  author={Sloan, Steven A and Barres, Ben A},
  journal={Current opinion in neurobiology},
  volume={27},
  pages={75--81},
  year={2014},
  publisher={Elsevier}
}
