@article{smalheiser1984laminin,
  title={Laminin as a substrate for retinal axons in vitro},
  author={Smalheiser, Neil R and Crain, Stanley M and Reid, Lola M},
  journal={Developmental Brain Research},
  volume={12},
  number={1},
  pages={136--140},
  year={1984},
  publisher={Elsevier}
}
