@article{smith2015organ,
  title={Organ of Corti explants direct tonotopically-graded morphology of spiral ganglion neurons in vitro},
  author={Smith, Felicia L and Davis, Robin L},
  journal={Journal of Comparative Neurology},
  year={2015},
  publisher={Wiley Online Library}
}
