@article{smith2007genetic,
  title={Genetic background differences and nonassociative effects in mouse trace fear conditioning},
  author={Smith, Dani R and Gallagher, Michela and Stanton, Mark E},
  journal={Learning \& Memory},
  volume={14},
  number={9},
  pages={597--605},
  year={2007},
  publisher={Cold Spring Harbor Lab}
}
