@article{snow1996growth,
  title={Growth cone behavior in the presence of soluble chondroitin sulfate proteoglycan (CSPG), compared to behavior on CSPG bound to laminin or fibronectin},
  author={Snow, Diane M and Brown, Eric M and Letourneau, Paul C},
  journal={International journal of developmental neuroscience},
  volume={14},
  number={3},
  pages={331--349},
  year={1996},
  publisher={Elsevier}
}
