@article{snow2003neurite,
  title={Neurite elongation on chondroitin sulfate proteoglycans is characterized by axonal fasciculation},
  author={Snow, Diane M and Smith, Jeffrey D and Cunningham, Andrew T and McFarlin, Jessica and Goshorn, Eric C},
  journal={Experimental neurology},
  volume={182},
  number={2},
  pages={310--321},
  year={2003},
  publisher={Elsevier}
}
