@article{snow1991chondroitin,
  title={A chondroitin sulfate proteoglycan may influence the direction of retinal ganglion cell outgrowth},
  author={Snow, DM and Watanabe, Michiko and Letourneau, PC and Silver, Jerry},
  journal={Development},
  volume={113},
  number={4},
  pages={1473--1485},
  year={1991},
  publisher={The Company of Biologists Ltd}
}
