@article{snyder1997topography,
  title={Topography of spiral ganglion projections to cochlear nucleus during postnatal development in cats},
  author={Snyder, Russell L and Leake, Patricia A},
  journal={Journal of Comparative Neurology},
  volume={384},
  number={2},
  pages={293--311},
  year={1997},
  publisher={Philadelphia, Pa.: Wistar Institute of Anatomy and Biology,[1911?-}
}
