@article{soares2015transient,
  title={Transient ipsilateral retinal ganglion cell projections to the brain: Extent, targeting, and disappearance},
  author={Soares, C{\'e}lia A and Mason, Carol A},
  journal={Developmental neurobiology},
  year={2015},
  publisher={Wiley Online Library}
}
