@article{song2016motor,
  title={Motor neurons control locomotor circuit function retrogradely via gap junctions},
  author={Song, Jianren and Ampatzis, Konstantinos and Bj{\"o}rnfors, E Rebecka and El Manira, Abdeljabbar},
  journal={Nature},
  volume={529},
  number={7586},
  pages={399--402},
  year={2016},
  publisher={Nature Publishing Group}
}
