@article{soskis2012chemical,
  title={A chemical genetic approach reveals distinct EphB signaling mechanisms during brain development},
  author={Soskis, Michael J and Ho, Hsin-Yi Henry and Bloodgood, Brenda L and Robichaux, Michael A and Malik, Athar N and Ataman, Bulent and Rubin, Alex A and Zieg, Janine and Zhang, Chao and Shokat, Kevan M and others},
  journal={Nature neuroscience},
  volume={15},
  number={12},
  pages={1645--1654},
  year={2012},
  publisher={Nature Publishing Group}
}
