@article{sosulski2011distinct,
  title={Distinct representations of olfactory information in different cortical centres},
  author={Sosulski, Dara L and Bloom, Maria Lissitsyna and Cutforth, Tyler and Axel, Richard and Datta, Sandeep Robert},
  journal={Nature},
  volume={472},
  number={7342},
  pages={213--216},
  year={2011},
  publisher={Nature Publishing Group}
}
