@article{speer2014eye,
  title={Eye-specific retinogeniculate segregation proceeds normally following disruption of patterned spontaneous retinal activity},
  author={Speer, Colenso M and Sun, Chao and Liets, Lauren C and Stafford, Ben K and Chapman, Barbara and Cheng, Hwai-Jong},
  journal={Neural development},
  volume={9},
  number={1},
  pages={25},
  year={2014},
  publisher={BioMed Central Ltd}
}
