@article{sperry1950regulative,
  title={Regulative factors in the orderly growth of neural circuits.},
  author={Sperry, RW},
  journal={Growth},
  number={Suppl 10},
  pages={63--87},
  year={1950}
}
