@article{sperry1963chemoaffinity,
  title={Chemoaffinity in the orderly growth of nerve fiber patterns and connections},
  author={Sperry, Roger W},
  journal={Proceedings of the National Academy of Sciences},
  volume={50},
  number={4},
  pages={703--710},
  year={1963},
  publisher={National Acad Sciences}
}
