@article{springer1986retinotopic,
  title={Retinotopic and chronotopic organization of goldfish retinal ganglion cell axons throughout the optic nerve},
  author={Springer, Alan D and Mednick, Adam S},
  journal={Journal of Comparative Neurology},
  volume={247},
  number={2},
  pages={221--232},
  year={1986},
  publisher={Wiley Online Library}
}
