@article{springer1986simple,
  title={Simple and complex retinal ganglion cell axonal rearrangements at the optic chiasm},
  author={Springer, Alan D and Mednick, Adam S},
  journal={Journal of Comparative Neurology},
  volume={247},
  number={2},
  pages={233--245},
  year={1986},
  publisher={Wiley Online Library}
}
