@article{squarzoni2014microglia,
  title={Microglia Modulate Wiring of the Embryonic Forebrain},
  author={Squarzoni, Paola and Oller, Guillaume and Hoeffel, Guillaume and Pont-Lezica, Lorena and Rostaing, Philippe and Low, Donovan and Bessis, Alain and Ginhoux, Florent and Garel, Sonia},
  journal={Cell reports},
  volume={8},
  number={5},
  pages={1271--1279},
  year={2014},
  publisher={Elsevier}
}
