@article{sretavan1995disruption,
  title={Disruption of retinal axon ingrowth by ablation of embryonic mouse optic chiasm neurons},
  author={Sretavan, DW and Pure, E and Siegel, MW and Reichardt, LF},
  journal={Science},
  volume={269},
  number={5220},
  pages={98},
  year={1995},
  publisher={The American Association for the Advancement of Science}
}
