@article{steigemann2004heparan,
  title={Heparan sulfate proteoglycan syndecan promotes axonal and myotube guidance by slit/robo signaling},
  author={Steigemann, Patrick and Molitor, Andreas and Fellert, Sonja and J{\"a}ckle, Herbert and Vorbr{\"u}ggen, Gerd},
  journal={Current biology},
  volume={14},
  number={3},
  pages={225--230},
  year={2004},
  publisher={Elsevier}
}
