@article{stephan2012complement,
  title={The complement system: an unexpected role in synaptic pruning during development and disease},
  author={Stephan, Alexander H and Barres, Ben A and Stevens, Beth},
  journal={Annual review of neuroscience},
  volume={35},
  pages={369--389},
  year={2012},
  publisher={Annual Reviews}
}
