@article{stewart1987spatial,
  title={The spatial organization of olfactory nerve projections},
  author={Stewart, William B and Pedersen, Patricia E},
  journal={Brain research},
  volume={411},
  number={2},
  pages={248--258},
  year={1987},
  publisher={Elsevier}
}
