@article{st2003sorting,
  title={Sorting and convergence of primary olfactory axons are independent of the olfactory bulb},
  author={St John, James A and Clarris, Heidi J and McKeown, Sonja and Royal, Stephanie and Key, Brian},
  journal={Journal of Comparative Neurology},
  volume={464},
  number={2},
  pages={131--140},
  year={2003},
  publisher={Wiley Online Library}
}
