@article{stoeckli1998axon,
  title={Axon guidance at choice points},
  author={Stoeckli, Esther T and Landmesser, Lynn T},
  journal={Current opinion in neurobiology},
  volume={8},
  number={1},
  pages={73--79},
  year={1998},
  publisher={Elsevier}
}
