@article{stoeckli1995axonin,
  title={Axonin-1, Nr-CAM, and Ng-CAM play different roles in the in vivo guidance of chick commissural neurons},
  author={Stoeckli, Esther T and Landmesser, Lynn T},
  journal={Neuron},
  volume={14},
  number={6},
  pages={1165--1179},
  year={1995},
  publisher={Elsevier}
}
