@article{stoeckli2010neural,
  title={Neural circuit formation in the cerebellum is controlled by cell adhesion molecules of the Contactin family},
  author={Stoeckli, Esther T},
  journal={Cell adhesion \& migration},
  volume={4},
  number={4},
  pages={523--526},
  year={2010},
  publisher={Taylor \& Francis}
}
