@article{stoeckli2014wiring,
  title={Wiring Mechanisms for Olfaction and Visionâ€”Not Completely Different after All},
  author={Stoeckli, Esther T},
  journal={Neuron},
  volume={84},
  number={4},
  pages={655--657},
  year={2014},
  publisher={Elsevier}
}
