@article{stogsdill2017interplay,
  title={The interplay between neurons and glia in synapse development and plasticity},
  author={Stogsdill, Jeff A and Eroglu, Cagla},
  journal={Current Opinion in Neurobiology},
  volume={42},
  pages={1--8},
  year={2017},
  publisher={Elsevier}
}
