@article{strotmann1994rostro,
  title={Rostro-caudal patterning of receptor-expressing olfactory neurones in the rat nasal cavity},
  author={Strotmann, J and Wanner, L and Helfrich, T and Beck, A and Breer, H},
  journal={Cell and tissue research},
  volume={278},
  number={1},
  pages={11--20},
  year={1994},
  publisher={Springer}
}
