@article{sturmer1988retinotopic,
  title={Retinotopic organization of the developing retinotectal projection in the zebrafish embryo},
  author={St{\"u}rmer, Claudia},
  year={1988}
}
