@article{su2010olfactory,
  title={Olfactory ensheathing cells: biology in neural development and regeneration},
  author={Su, Zhida and He, Cheng},
  journal={Progress in neurobiology},
  volume={92},
  number={4},
  pages={517--532},
  year={2010},
  publisher={Elsevier}
}
