@article{suarez2014evolution,
  title={Evolution and development of interhemispheric connections in the vertebrate forebrain},
  author={Su{\'a}rez, Rodrigo and Gobius, Ilan and Richards, Linda J},
  journal={Frontiers in human neuroscience},
  volume={8},
  year={2014},
  publisher={Frontiers Media SA}
}
