@article{suarez2014balanced,
  title={Balanced interhemispheric cortical activity is required for correct targeting of the corpus callosum},
  author={Su{\'a}rez, Rodrigo and Fenlon, Laura R and Marek, Roger and Avitan, Lilach and Sah, Pankaj and Goodhill, Geoffrey J and Richards, Linda J},
  journal={Neuron},
  volume={82},
  number={6},
  pages={1289--1298},
  year={2014},
  publisher={Elsevier}
}
