@article{suetterlin2014target,
  title={Target-Independent EphrinA/EphA-Mediated Axon-Axon Repulsion as a Novel Element in Retinocollicular Mapping},
  author={Suetterlin, Philipp and Drescher, Uwe},
  journal={Neuron},
  volume={84},
  number={4},
  pages={740--752},
  year={2014},
  publisher={Elsevier}
}
