@article{suh2004l1,
  title={L1/Laminin modulation of growth cone response to EphB triggers growth pauses and regulates the microtubule destabilizing protein SCG10},
  author={Suh, Leejee H and Oster, Stephen F and Soehrman, Sophia S and Grenningloh, Gabriele and Sretavan, David W},
  journal={The Journal of neuroscience},
  volume={24},
  number={8},
  pages={1976--1986},
  year={2004},
  publisher={Soc Neuroscience}
}
