@article{sun2009morphology,
  title={The morphology and spatial arrangement of astrocytes in the optic nerve head of the mouse},
  author={Sun, Daniel and Lye-Barthel, Ming and Masland, Richard H and Jakobs, Tatjana C},
  journal={Journal of Comparative Neurology},
  volume={516},
  number={1},
  pages={1--19},
  year={2009},
  publisher={Wiley Online Library}
}
