@article{sweeney2011secreted,
  title={Secreted semaphorins from degenerating larval ORN axons direct adult projection neuron dendrite targeting},
  author={Sweeney, Lora B and Chou, Ya-Hui and Wu, Zhuhao and Joo, William and Komiyama, Takaki and Potter, Christopher J and Kolodkin, Alex L and Garcia, K Christopher and Luo, Liqun},
  journal={Neuron},
  volume={72},
  number={5},
  pages={734--747},
  year={2011},
  publisher={Elsevier}
}
