@article{sweeney2007temporal,
  title={Temporal target restriction of olfactory receptor neurons by Semaphorin-1a/PlexinA-mediated axon-axon interactions},
  author={Sweeney, Lora B and Couto, Africa and Chou, Ya-Hui and Berdnik, Daniela and Dickson, Barry J and Luo, Liqun and Komiyama, Takaki},
  journal={Neuron},
  volume={53},
  number={2},
  pages={185--200},
  year={2007},
  publisher={Elsevier}
}
