@article{syed2015glial,
  title={Glial and neuronal Semaphorin signaling instruct the development of a functional myotopic map for Drosophila walking},
  author={Syed, Durafshan Sakeena and Swetha, BM and Reddy, O Venkateswara and Reichert, Heinrich and VijayRaghavan, K},
  journal={bioRxiv},
  pages={027375},
  year={2015},
  publisher={Cold Spring Harbor Labs Journals}
}
