@article{tainaka2015chemical,
  title={Chemical Principles in Tissue Clearing and Staining Protocols for Whole-Body Cell Profiling},
  author={Tainaka, Kazuki and Kuno, Akihiro and Kubota, Shimpei I and Murakami, Tatzya and Ueda, Hiroki R},
  journal={Annual Review of Cell and Developmental Biology},
  number={0},
  year={2015},
  publisher={Annual Reviews 4139 El Camino Way, PO Box 10139, Palo Alto, California 94303-0139, USA}
}
