@article{takeuchi2010sequential,
  title={Sequential arrival and graded secretion of Sema3F by olfactory neuron axons specify map topography at the bulb},
  author={Takeuchi, Haruki and Inokuchi, Kasumi and Aoki, Mari and Suto, Fumikazu and Tsuboi, Akio and Matsuda, Ikuo and Suzuki, Misao and Aiba, Atsu and Serizawa, Shou and Yoshihara, Yoshihiro and others},
  journal={Cell},
  volume={141},
  number={6},
  pages={1056--1067},
  year={2010},
  publisher={Elsevier}
}
