@article{takeuchi2014neural,
  title={Neural map formation in the mouse olfactory system},
  author={Takeuchi, Haruki and Sakano, Hitoshi},
  journal={Cellular and Molecular Life Sciences},
  pages={1--9},
  year={2014},
  publisher={Springer}
}
