@article{taku2016attractant,
  title={Attractant and repellent cues cooperate in guiding a subset of olfactory sensory axons to a well-defined protoglomerular target},
  author={Taku, Alemji A and Marcaccio, Christina L and Ye, Wenda and Krause, Gregory J and Raper, Jonathan A},
  journal={Development},
  volume={143},
  number={1},
  pages={123--132},
  year={2016},
  publisher={Oxford University Press for The Company of Biologists Limited}
}
