@article{tang2000bundling,
  title={Bundling of microtubules in the growth cone induced by laminin},
  author={Tang, Dongjiang and Goldberg, Daniel J},
  journal={Molecular and Cellular Neuroscience},
  volume={15},
  number={3},
  pages={303--313},
  year={2000},
  publisher={Elsevier}
}
