@article{tang1992polysialic,
  title={Polysialic acid influences specific pathfinding by avian motoneurons},
  author={Tang, Jicheng and Landmesser, Lynn and Rutishauser, Urs},
  journal={Neuron},
  volume={8},
  number={6},
  pages={1031--1044},
  year={1992},
  publisher={Elsevier}
}
