@article{taniguchi2003distorted,
  title={Distorted odor maps in the olfactory bulb of semaphorin 3A-deficient mice},
  author={Taniguchi, Masahiko and Nagao, Hiroshi and Takahashi, Yuji K and Yamaguchi, Masahiro and Mitsui, Sachiko and Yagi, Takeshi and Mori, Kensaku and Shimizu, Takao},
  journal={The Journal of neuroscience},
  volume={23},
  number={4},
  pages={1390--1397},
  year={2003},
  publisher={Soc Neuroscience}
}
