@article{taniguchi1997disruption,
  title={Disruption of< i> Semaphorin III/D</i> Gene Causes Severe Abnormality in Peripheral Nerve Projection},
  author={Taniguchi, Masahiko and Yuasa, Shigeki and Fujisawa, Hajime and Naruse, Ichiro and Saga, Shinsuke and Mishina, Masayoshi and Yagi, Takeshi},
  journal={Neuron},
  volume={19},
  number={3},
  pages={519--530},
  year={1997},
  publisher={Elsevier}
}
