@article{tanoue2004mammalian,
  title={Mammalian Fat1 cadherin regulates actin dynamics and cell--cell contact},
  author={Tanoue, Takuji and Takeichi, Masatoshi},
  journal={The Journal of cell biology},
  volume={165},
  number={4},
  pages={517--528},
  year={2004},
  publisher={Rockefeller Univ Press}
}
