@article{taylor1987fibre,
  title={Fibre organization and reorganization in the retinotectal projection of Xenopus},
  author={Taylor, JS},
  journal={Development},
  volume={99},
  number={3},
  pages={393--410},
  year={1987},
  publisher={The Company of Biologists Limited}
}
