@article{taylor1990directed,
  title={The directed growth of retinal axons towards surgically transposed tecta in Xenopus; an examination of homing behaviour by retinal ganglion cell axons},
  author={Taylor, JS},
  journal={Development},
  volume={108},
  number={1},
  pages={147--158},
  year={1990},
  publisher={The Company of Biologists Ltd}
}
