@article{tessier1996molecular,
  title={The molecular biology of axon guidance},
  author={Tessier-Lavigne, Marc and Goodman, Corey S},
  journal={Science},
  volume={274},
  number={5290},
  pages={1123--1133},
  year={1996}
}
