@article{tessier1988chemotropic,
  title={Chemotropic guidance of developing axons in the mammalian central nervous system},
  author={Tessier-Lavigne, Marc and Placzek, Marysia and Lumsden, Andrew GS and Dodd, Jane and Jessell, Thomas M},
  year={1988},
  publisher={Nature Publishing Group}
}
