@article{thanos1984fiber,
  title={Fiber-fiber interaction and tectal cues influence the development of the chicken retinotectal projection},
  author={Thanos, Solon and Bonhoeffer, Friedrich and Rutishauser, Urs},
  journal={Proceedings of the National Academy of Sciences},
  volume={81},
  number={6},
  pages={1906--1910},
  year={1984},
  publisher={National Acad Sciences}
}
