@article{thanos1983investigations,
  title={Investigations on the development and topographic order of retinotectal axons: anterograde and retrograde staining of axons and perikarya with rhodamine in vivo},
  author={Thanos, Solon and Bonhoeffer, Friedrich},
  journal={Journal of Comparative Neurology},
  volume={219},
  number={4},
  pages={420--430},
  year={1983},
  publisher={Wiley Online Library}
}
