@article{thompson2016thyroid,
  title={Thyroid Hormone Acts Locally to Increase Neurogenesis, Neuronal Differentiation, and Dendritic Arbor Elaboration in the Tadpole Visual System},
  author={Thompson, Christopher K and Cline, Hollis T},
  journal={The Journal of Neuroscience},
  volume={36},
  number={40},
  pages={10356--10375},
  year={2016},
  publisher={Soc Neuroscience}
}
