@article{thompson2006slits,
  title={Slits contribute to the guidance of retinal ganglion cell axons in the mammalian optic tract},
  author={Thompson, Hannah and Barker, David and Camand, Olivier and Erskine, Lynda},
  journal={Developmental biology},
  volume={296},
  number={2},
  pages={476--484},
  year={2006},
  publisher={Elsevier}
}
