@article{thompson2016cortical,
  title={Cortical Feedback Regulates Feedforward Retinogeniculate Refinement},
  author={Thompson, Andrew D and Picard, Nathalie and Min, Lia and Fagiolini, Michela and Chen, Chinfei},
  journal={Neuron},
  volume={91},
  number={5},
  pages={1021--1033},
  year={2016},
  publisher={Elsevier}
}
