@article{thompson2006slit,
  title={Slit proteins regulate distinct aspects of retinal ganglion cell axon guidance within dorsal and ventral retina},
  author={Thompson, Hannah and Camand, Olivier and Barker, David and Erskine, Lynda},
  journal={The Journal of neuroscience},
  volume={26},
  number={31},
  pages={8082--8091},
  year={2006},
  publisher={Soc Neuroscience}
}
