@article{tillo20162,
  title={2-and 6-O-sulfated proteoglycans have distinct and complementary roles in cranial axon guidance and motor neuron migration},
  author={Tillo, Miguel and Charoy, Camille and Schwarz, Quenten and Maden, Charlotte H and Davidson, Kathryn and Fantin, Alessandro and Ruhrberg, Christiana},
  journal={Development},
  volume={143},
  number={11},
  pages={1907--1913},
  year={2016},
  publisher={Oxford University Press for The Company of Biologists Limited}
}
