@article{tisay1999extracellular,
  title={The extracellular matrix modulates olfactory neurite outgrowth on ensheathing cells},
  author={Tisay, Katarina T and Key, Brian},
  journal={The Journal of neuroscience},
  volume={19},
  number={22},
  pages={9890--9899},
  year={1999},
  publisher={Soc Neuroscience}
}
