@article{tolbert2004bidirectional,
  title={Bidirectional influences between neurons and glial cells in the developing olfactory system},
  author={Tolbert, Leslie P and Oland, Lynne A and Tucker, Eric S and Gibson, Nicholas J and Higgins, Mark R and Lipscomb, Brian W},
  journal={Progress in neurobiology},
  volume={73},
  number={2},
  pages={73--105},
  year={2004},
  publisher={Elsevier}
}
