@article{tomasi2008transmembrane,
  title={The transmembrane protein Golden goal regulates R8 photoreceptor axon-axon and axon-target interactions},
  author={Tomasi, Tatiana and Hakeda-Suzuki, Satoko and Ohler, Stephan and Schleiffer, Alexander and Suzuki, Takashi},
  journal={Neuron},
  volume={57},
  number={5},
  pages={691--704},
  year={2008},
  publisher={Elsevier}
}
