@article{tomer2014advanced,
  title={Advanced CLARITY for rapid and high-resolution imaging of intact tissues},
  author={Tomer, Raju and Ye, Li and Hsueh, Brian and Deisseroth, Karl},
  journal={Nature protocols},
  volume={9},
  number={7},
  pages={1682--1697},
  year={2014},
  publisher={Nature Publishing Group}
}
