@article{torii2005dissociation,
  title={Dissociation of corticothalamic and thalamocortical axon targeting by an EphA7-mediated mechanism},
  author={Torii, Masaaki and Levitt, Pat},
  journal={Neuron},
  volume={48},
  number={4},
  pages={563--575},
  year={2005},
  publisher={Elsevier}
}
