@article{torrealba1982studies,
  title={Studies of retinal representations within the cat's optic tract},
  author={Torrealba, F and Guillery, RW and Eysel, U and Polley, EH and Mason, CA},
  journal={Journal of Comparative Neurology},
  volume={211},
  number={4},
  pages={377--396},
  year={1982},
  publisher={Wiley Online Library}
}
