@article{torrealba1981demonstration,
  title={A demonstration of several independent, partially overlapping, retinotopic maps in the optic tract of the cat},
  author={Torrealba, Fernando and Guillery, RW and Polley, Edward H and Mason, Carol A},
  journal={Brain research},
  volume={219},
  number={2},
  pages={428--432},
  year={1981},
  publisher={Elsevier}
}
