@article{tosney1985development,
  title={Development of the major pathways for neurite outgrowth in the chick hindlimb},
  author={Tosney, Kathryn W and Landmesser, Lynn T},
  journal={Developmental biology},
  volume={109},
  number={1},
  pages={193--214},
  year={1985},
  publisher={Elsevier}
}
