@article{tran2007semaphorin,
  title={Semaphorin regulation of cellular morphology},
  author={Tran, Tracy S and Kolodkin, Alex L and Bharadwaj, Rajnish},
  journal={Annu. Rev. Cell Dev. Biol.},
  volume={23},
  pages={263--292},
  year={2007},
  publisher={Annual Reviews}
}
