@article{treloar2002specificity,
  title={Specificity of glomerular targeting by olfactory sensory axons},
  author={Treloar, Helen B and Feinstein, Paul and Mombaerts, Peter and Greer, Charles A},
  journal={The Journal of neuroscience},
  volume={22},
  number={7},
  pages={2469--2477},
  year={2002},
  publisher={Soc Neuroscience}
}
