@article{treloar2009tenascin,
  title={Tenascin-C is an inhibitory boundary molecule in the developing olfactory bulb},
  author={Treloar, Helen B and Ray, Arundhati and Dinglasan, Lu Anne and Schachner, Melitta and Greer, Charles A},
  journal={The Journal of Neuroscience},
  volume={29},
  number={30},
  pages={9405--9416},
  year={2009},
  publisher={Soc Neuroscience}
}
