@article{treloar1996expression,
  title={Expression of extracellular matrix molecules in the embryonic rat olfactory pathway},
  author={Treloar, HB and Nurcombe, V and Key, B},
  journal={Journal of neurobiology},
  volume={31},
  number={1},
  pages={41--55},
  year={1996},
  publisher={Wiley Online Library}
}
