@article{triplett2011competition,
  title={Competition is a driving force in topographic mapping},
  author={Triplett, Jason W and Pfeiffenberger, Cory and Yamada, Jena and Stafford, Ben K and Sweeney, Neal T and Litke, Alan M and Sher, Alexander and Koulakov, Alexei A and Feldheim, David A},
  journal={Proceedings of the National Academy of Sciences},
  volume={108},
  number={47},
  pages={19060--19065},
  year={2011},
  publisher={National Acad Sciences}
}
