@inproceedings{triplett2012eph,
  title={Eph and ephrin signaling in the formation of topographic maps},
  author={Triplett, Jason W and Feldheim, David A},
  booktitle={Seminars in cell \& developmental biology},
  volume={23},
  number={1},
  pages={7--15},
  year={2012},
  organization={Elsevier}
}
