@article{trowe1996mutations,
  title={Mutations disrupting the ordering and topographic mapping of axons in the retinotectal projection of the zebrafish, Danio rerio},
  author={Trowe, Torsten and Klostermann, Stefan and Baier, Herwig and Granato, Michael and Crawford, Alexander D and Grunewald, Barbara and Hoffmann, Heike and Karlstrom, Rolf O and Meyer, Stefan U and Muller, B and others},
  journal={Development},
  volume={123},
  number={1},
  pages={439--450},
  year={1996},
  publisher={The Company of Biologists Limited}
}
