@article{tucker2004vitro,
  title={In vitro analyses of interactions between olfactory receptor growth cones and glial cells that mediate axon sorting and glomerulus formation},
  author={Tucker, Eric S and Oland, Lynne A and Tolbert, Leslie P},
  journal={Journal of Comparative Neurology},
  volume={472},
  number={4},
  pages={478--495},
  year={2004},
  publisher={Wiley Online Library}
}
