@article{tucker2003reciprocal,
  title={Reciprocal interactions between olfactory receptor axons and olfactory nerve glia cultured from the developing moth< i> Manduca sexta</i>},
  author={Tucker, Eric S and Tolbert, Leslie P},
  journal={Developmental biology},
  volume={260},
  number={1},
  pages={9--30},
  year={2003},
  publisher={Elsevier}
}
