@article{udin1988formation,
  title={Formation of topographic maps},
  author={Udin, Susan B and Fawcett, James W},
  journal={Annual review of neuroscience},
  volume={11},
  number={1},
  pages={289--327},
  year={1988},
  publisher={Annual Reviews 4139 El Camino Way, PO Box 10139, Palo Alto, CA 94303-0139, USA}
}
