@article{upton1999excess,
  title={Excess of serotonin (5-HT) alters the segregation of ispilateral and contralateral retinal projections in monoamine oxidase A knock-out mice: possible role of 5-HT uptake in retinal ganglion cells during development},
  author={Upton, AL and Salichon, N and Lebrand, C and Ravary, A and Blakely, R and Seif, I and Gaspar, P},
  journal={The Journal of neuroscience},
  volume={19},
  number={16},
  pages={7007--7024},
  year={1999},
  publisher={Soc Neuroscience}
}
