@article{usui2012role,
  title={Role of motoneuron-derived neurotrophin 3 in survival and axonal projection of sensory neurons during neural circuit formation},
  author={Usui, Noriyoshi and Watanabe, Keisuke and Ono, Katsuhiko and Tomita, Koichi and Tamamaki, Nobuaki and Ikenaka, Kazuhiro and Takebayashi, Hirohide},
  journal={Development},
  volume={139},
  number={6},
  pages={1125--1132},
  year={2012},
  publisher={The Company of Biologists Limited}
}
