@article{van1998adhesion,
  title={Adhesion and signaling in axonal fasciculation},
  author={Van Vactor, David},
  journal={Current opinion in neurobiology},
  volume={8},
  number={1},
  pages={80--86},
  year={1998},
  publisher={Elsevier}
}
