@article{vanderhaeghen2004developmental,
  title={Developmental mechanisms patterning thalamocortical projections: intrinsic, extrinsic and in between},
  author={Vanderhaeghen, Pierre and Polleux, Franck},
  journal={Trends in neurosciences},
  volume={27},
  number={7},
  pages={384--391},
  year={2004},
  publisher={Elsevier}
}
