@article{vanselow1989spatial,
  title={Spatial arrangement of radial glia and ingrowing retinal axons in the chick optic tectum during development},
  author={Vanselow, J and Thanos, S and Godement, P and Henke-Fahle, S and Bonhoeffer, F},
  journal={Developmental Brain Research},
  volume={45},
  number={1},
  pages={15--27},
  year={1989},
  publisher={Elsevier}
}
