@article{vassar1993spatial,
  title={Spatial segregation of odorant receptor expression in the mammalian olfactory epithelium},
  author={Vassar, Robert and Ngai, John and Axel, Richard},
  journal={Cell},
  volume={74},
  number={2},
  pages={309--318},
  year={1993},
  publisher={Elsevier}
}
