@article{vassar1994topographic,
  title={Topographic organization of sensory projections to the olfactory bulb},
  author={Vassar, Robert and Chao, Steve K and Sitcheran, Raquel and Vosshall, Leslie B and Axel, Richard and others},
  journal={Cell},
  volume={79},
  number={6},
  pages={981--991},
  year={1994},
  publisher={Elsevier}
}
