@article{vidovic2007eph,
  title={Eph receptor and ephrin signaling in developing and adult brain of the honeybee (Apis mellifera)},
  author={Vidovic, Maria and Nighorn, Alan and Koblar, Simon and Maleszka, Ryszard},
  journal={Developmental neurobiology},
  volume={67},
  number={2},
  pages={233--251},
  year={2007},
  publisher={Wiley Online Library}
}
