@article{voigt1983retinotopic,
  title={Retinotopic scatter of optic tract fibres in the cat},
  author={Voigt, T and Naito, J and W{\"a}ssle, H},
  journal={Experimental brain research},
  volume={52},
  number={1},
  pages={25--33},
  year={1983},
  publisher={Springer}
}
