@article{von2016search,
  title={The Search for True Numbers of Neurons and Glial Cells in the Human Brain: A Review of 150 Years of Cell Counting},
  author={von Bartheld, Christopher S and Bahney, Jami and Herculano-Houzel, Suzana},
  journal={Journal of Comparative Neurology},
  year={2016},
  publisher={Wiley Online Library}
}
