@article{von2006microcontact,
  title={Microcontact printing of axon guidance molecules for generation of graded patterns},
  author={Von Philipsborn, Anne C and Lang, Susanne and Bernard, Andr{\'e} and Loeschinger, J{\"u}rgen and David, Christian and Lehnert, Dirk and Bastmeyer, Martin and Bonhoeffer, Friedrich},
  journal={Nature protocols},
  volume={1},
  number={3},
  pages={1322--1328},
  year={2006},
  publisher={Nature Publishing Group}
}
