@article{walsh1985age,
  title={Age-related fiber order in the optic tract of the ferret},
  author={Walsh, C and Guillery, RW},
  journal={The Journal of neuroscience},
  volume={5},
  number={11},
  pages={3061--3069},
  year={1985},
  publisher={Soc Neuroscience}
}
