@article{walter1987recognition,
  title={Recognition of position-specific properties of tectal cell membranes by retinal axons in vitro},
  author={Walter, JOCHEN and Kern-Veits, BRIGITTE and Huf, JULITA and Stolze, BERND and Bonhoeffer, FRIEDRICH},
  journal={Development},
  volume={101},
  number={4},
  pages={685--696},
  year={1987},
  publisher={The Company of Biologists Ltd}
}
