@article{walter1990axonal,
  title={Axonal guidance by an avoidance mechanism},
  author={Walter, Jochen and Muller, Bernhard and Bonhoeffer, Friedrich},
  journal={J. Physiol.(Paris)},
  volume={84},
  pages={104--110},
  year={1990}
}
