%% This BibTeX bibliography file was created using BibDesk.
%% http://bibdesk.sourceforge.net/


%% Created for Austen Sitko at 2016-11-27 17:02:22 -0500 


%% Saved with string encoding Unicode (UTF-8) 



@article{walter1987avoidance,
	Author = {Walter, Jochen and Henke-Fahle, Sigrid and Bonhoeffer, Friedrich},
	Date-Modified = {2016-11-27 22:02:16 +0000},
	Journal = {Development},
	Number = {4},
	Pages = {909--913},
	Publisher = {The Company of Biologists Ltd},
	Title = {Avoidance of posterior tectal membranes by temporal retinal axons},
	Volume = {101},
	Year = {1987}}
