@article{walz1997essential,
  title={Essential role of heparan sulfates in axon navigation and targeting in the developing visual system},
  author={Walz, Andreas and McFarlane, Sarah and Brickman, Yardenah G and Nurcombe, Victor and Bartlett, Perry F and Holt, Christine E},
  journal={Development},
  volume={124},
  number={12},
  pages={2421--2430},
  year={1997},
  publisher={The Company of Biologists Limited}
}
