@article{wan2016ciliary,
  title={The ciliary marginal zone of the zebrafish retina: clonal and time-lapse analysis of a continuously growing tissue},
  author={Wan, Yinan and Almeida, Alexandra D and Rulands, Steffen and Chalour, Naima and Muresan, Leila and Wu, Yunmin and Simons, Benjamin D and He, Jie and Harris, William},
  journal={Development},
  pages={dev--133314},
  year={2016},
  publisher={Oxford University Press for The Company of Biologists Limited}
}
