@article{wang2016requirement,
  title={Requirement for Microglia for the Maintenance of Synaptic Function and Integrity in the Mature Retina},
  author={Wang, Xu and Zhao, Lian and Zhang, Jun and Fariss, Robert N and Ma, Wenxin and Kretschmer, Friedrich and Wang, Minhua and hua Qian, Hao and Badea, Tudor C and Diamond, Jeffrey S and others},
  journal={The Journal of Neuroscience},
  volume={36},
  number={9},
  pages={2827--2842},
  year={2016},
  publisher={Soc Neuroscience}
}
