@article{wang2000waiting,
  title={The “waiting period” of sensory and motor axons in early chick hindlimb: its role in axon pathfinding and neuronal maturation},
  author={Wang, Guoying and Scott, Sheryl A},
  journal={The Journal of Neuroscience},
  volume={20},
  number={14},
  pages={5358--5366},
  year={2000},
  publisher={Soc Neuroscience}
}
