@article{wang2016isoform,
  title={Isoform-specific localization of Nogo protein in the optic pathway of mouse embryos},
  author={Wang, Liqing and Wang, Jun and Ma, Ding and Taylor, Jeremy SH and Chan, Sun-On},
  journal={Journal of Comparative Neurology},
  year={2016},
  publisher={Wiley Online Library}
}
