@article{wang2011anatomical,
  title={Anatomical coupling of sensory and motor nerve trajectory via axon tracking},
  author={Wang, Liang and Klein, R{\"u}diger and Zheng, Binhai and Marquardt, Till},
  journal={Neuron},
  volume={71},
  number={2},
  pages={263--277},
  year={2011},
  publisher={Elsevier}
}
