@article{wang2014conserved,
  title={A conserved axon type hierarchy governing peripheral nerve assembly},
  author={Wang, Liang and Mongera, Alessandro and Bonanomi, Dario and Cyganek, Lukas and Pfaff, Samuel L and N{\"u}sslein-Volhard, Christiane and Marquardt, Till},
  journal={Development},
  volume={141},
  number={9},
  pages={1875--1883},
  year={2014},
  publisher={The Company of Biologists Limited}
}
