@article{wang1996chemosuppression,
  title={Chemosuppression of retinal axon growth by the mouse optic chiasm},
  author={Wang, Li-Chong and Rachel, Rivka A and Marcus, Riva C and Mason, Carol A},
  journal={Neuron},
  volume={17},
  number={5},
  pages={849--862},
  year={1996},
  publisher={Elsevier}
}
