%% This BibTeX bibliography file was created using BibDesk.
%% http://bibdesk.sourceforge.net/


%% Created for Austen Sitko at 2016-11-22 17:43:21 -0500 


%% Saved with string encoding Unicode (UTF-8) 



@jurthesis{wang2013neuronal,
	Author = {Wang, Qing},
	Date-Modified = {2016-11-22 22:42:49 +0000},
	School = {Columbia University Academic Commons},
	Title = {Neuronal Diversification Within the Retina: Generation of Crossed and Uncrossed Retinal Ganglion Cells},
	Year = {2013}}
