@article{wang1998odorant,
  title={Odorant receptors govern the formation of a precise topographic map},
  author={Wang, Fan and Nemes, Adriana and Mendelsohn, Monica and Axel, Richard},
  journal={Cell},
  volume={93},
  number={1},
  pages={47--60},
  year={1998},
  publisher={Elsevier}
}
