@article{wang2016ipsilateral,
  title={Ipsilateral and contralateral retinal ganglion cells express distinct genes during decussation at the optic chiasm},
  author={Wang, Qing and Marcucci, Florencia and Cerullo, Isadora and Mason, Carol},
  journal={eneuro},
  pages={ENEURO--0169},
  year={2016},
  publisher={eneuro}
}
