@article{wang1995crossed,
  title={Crossed and uncrossed retinal axons respond differently to cells of the optic chiasm midline in vitro},
  author={Wang, Li-Chong and Dani, John and Godement, Pierre and Marcus, Riva C and Mason, Carol A},
  journal={Neuron},
  volume={15},
  number={6},
  pages={1349--1364},
  year={1995},
  publisher={Elsevier}
}
