@article{wang2013axons,
  title={What axons tell each other: axon--axon signaling in nerve and circuit assembly},
  author={Wang, Liang and Marquardt, Till},
  journal={Current opinion in neurobiology},
  volume={23},
  number={6},
  pages={974--982},
  year={2013},
  publisher={Elsevier}
}
