@article{wanner2016dense,
  title={Dense EM-based reconstruction of the interglomerular projectome in the zebrafish olfactory bulb},
  author={Wanner, Adrian A and Genoud, Christel and Masudi, Tafheem and Siksou, L{\'e}a and Friedrich, Rainer W},
  journal={Nature neuroscience},
  volume={19},
  number={6},
  pages={816--825},
  year={2016},
  publisher={Nature Publishing Group}
}
