@article{webber2006axon,
  title={Axon guidance cues in auditory development},
  author={Webber, Audra and Raz, Yael},
  journal={The Anatomical Record Part A: Discoveries in Molecular, Cellular, and Evolutionary Biology},
  volume={288},
  number={4},
  pages={390--396},
  year={2006},
  publisher={Wiley Online Library}
}
