@article{weiss1948experiments,
  title={Experiments on the mechanism of nerve growth},
  author={Weiss, Paul and Hiscoe, Helen B},
  journal={Journal of experimental zoology},
  volume={107},
  number={3},
  pages={315--395},
  year={1948},
  publisher={Wiley Online Library}
}
