@article{wessells1980responses,
  title={Responses to cell contacts between growth cones, neurites and ganglionic non-neuronal cells},
  author={Wessells, Norman K and Letourneau, Paul C and Nuttall, Robert P and Ludue{\~n}a-Anderson, Marilyn and Geiduschek, Jeremy M},
  journal={Journal of neurocytology},
  volume={9},
  number={5},
  pages={647--664},
  year={1980},
  publisher={Springer}
}
