@inproceedings{weth2014chemoaffinity,
  title={Chemoaffinity in topographic mapping revisited--Is it more about fiber--fiber than fiber--target interactions?},
  author={Weth, Franco and Fiederling, Felix and Gebhardt, Christoph and Bastmeyer, Martin},
  booktitle={Seminars in cell \& developmental biology},
  volume={35},
  pages={126--135},
  year={2014},
  organization={Elsevier}
}
