@article{whitlock1998transient,
  title={A transient population of neurons pioneers the olfactory pathway in the zebrafish},
  author={Whitlock, Kathleen E and Westerfield, Monte},
  journal={The Journal of neuroscience},
  volume={18},
  number={21},
  pages={8919--8927},
  year={1998},
  publisher={Soc Neuroscience}
}
