@article{whitsel1969modality,
  title={Modality representation in the lumbar and cervical fasciculus gracilis of squirrel monkeys},
  author={Whitsel, BL and Petrucelli, LM and Sapiro, G},
  journal={Brain research},
  volume={15},
  number={1},
  pages={67--78},
  year={1969},
  publisher={Elsevier}
}
