@article{williams2006role,
  title={A role for Nr-CAM in the patterning of binocular visual pathways},
  author={Williams, Scott E and Grumet, Martin and Colman, David R and Henkemeyer, Mark and Mason, Carol A and Sakurai, Takeshi},
  journal={Neuron},
  volume={50},
  number={4},
  pages={535--547},
  year={2006},
  publisher={Elsevier}
}
