@article{williams1985dispersion,
  title={Dispersion of growing axons within the optic nerve of the embryonic monkey},
  author={Williams, RW and Rakic, P},
  journal={Proceedings of the National Academy of Sciences},
  volume={82},
  number={11},
  pages={3906--3910},
  year={1985},
  publisher={National Acad Sciences}
}
