@article{williams2003ephrin,
  title={Ephrin-B2 and EphB1 mediate retinal axon divergence at the optic chiasm},
  author={Williams, Scott E and Mann, Fanny and Erskine, Lynda and Sakurai, Takeshi and Wei, Shiniu and Rossi, Derrick J and Gale, Nicholas W and Holt, Christine E and Mason, Carol A and Henkemeyer, Mark},
  journal={Neuron},
  volume={39},
  number={6},
  pages={919--935},
  year={2003},
  publisher={Elsevier}
}
