@article{wilson1988developmental,
  title={A developmental and ultrastructural study of the optic chiasma in Xenopus},
  author={Wilson, MA and Taylor, JS and Gaze, RM},
  journal={Development},
  volume={102},
  number={3},
  pages={537--553},
  year={1988},
  publisher={The Company of Biologists Limited}
}
