@article{winslow1995cloning,
  title={Cloning of AL-1, a ligand for an Eph-related tyrosine kinase receptor involved in axon bundle formation},
  author={Winslow, John W and Moran, Paul and Valverde, Janet and Shih, Ai and Yuan, Jean O and Wong, Suzy C and Tsai, Siao Ping and Goddard, Audrey and Henzel, William J and Hefti, Franz and others},
  journal={Neuron},
  volume={14},
  number={5},
  pages={973--981},
  year={1995},
  publisher={Elsevier}
}
