@article{wise1975laminar,
  title={The laminar organization of certain afferent and efferent fiber systems in the rat somatosensory cortex},
  author={Wise, Steven P},
  journal={Brain Research},
  volume={90},
  number={1},
  pages={139--142},
  year={1975},
  publisher={Elsevier}
}
