@article{witelson1989hand,
  title={Hand and sex differences in the isthmus and genu of the human corpus callosum a postmortem morphological study},
  author={Witelson, Sandra F},
  journal={Brain},
  volume={112},
  number={3},
  pages={799--835},
  year={1989},
  publisher={Oxford Univ Press}
}
