@article{wizenmann1993differential,
  title={Differential reaction of crossing and non-crossing rat retinal axons on cell membrane preparations from the chiasm midline: an in vitro study},
  author={Wizenmann, A and Thanos, S and Von Boxberg, Y and Bonhoeffer, F},
  journal={Development},
  volume={117},
  number={2},
  pages={725--735},
  year={1993},
  publisher={The Company of Biologists Ltd}
}
