@article{wizenmann2014engrailed,
  title={Engrailed homeoproteins in visual system development},
  author={Wizenmann, Andrea and Stettler, Olivier and Moya, Kenneth L},
  journal={Cellular and Molecular Life Sciences},
  pages={1--13},
  year={2014},
  publisher={Springer}
}
