@article{wolff2012differences,
  title={Differences in white matter fiber tract development present from 6 to 24 months in infants with autism},
  author={Wolff, Jason J and Gu, Hongbin and Gerig, Guido and Elison, Jed T and Styner, Martin and Gouttard, Sylvain and Botteron, Kelly N and Dager, Stephen R and Dawson, Geraldine and Estes, Annette M and others},
  journal={American Journal of Psychiatry},
  volume={169},
  number={6},
  pages={589--600},
  year={2012},
  publisher={Am Psychiatric Assoc}
}
