@article{woolsey1970structural,
  title={The structural organization of layer IV in the somatosensory region (SI) of mouse cerebral cortex: the description of a cortical field composed of discrete cytoarchitectonic units},
  author={Woolsey, Thomas A and Van der Loos, Hendrik},
  journal={Brain research},
  volume={17},
  number={2},
  pages={205--242},
  year={1970},
  publisher={Elsevier}
}
