@article{wright2012dystroglycan,
  title={Dystroglycan organizes axon guidance cue localization and axonal pathfinding},
  author={Wright, Kevin M and Lyon, Krissy A and Leung, Haiwen and Leahy, Daniel J and Ma, Le and Ginty, David D},
  journal={Neuron},
  volume={76},
  number={5},
  pages={931--944},
  year={2012},
  publisher={Elsevier}
}
