@article{wu2014semaphorin,
  title={Semaphorin 3A activates the guanosine triphosphatase Rab5 to promote growth cone collapse and organize callosal axon projections},
  author={Wu, Kong-Yan and He, Miao and Hou, Qiong-Qiong and Sheng, Ai-Li and Yuan, Lei and Liu, Fei and Liu, Wen-Wen and Li, Guangpu and Jiang, Xing-Yu and Luo, Zhen-Ge},
  journal={Science signaling},
  volume={7},
  number={340},
  pages={ra81--ra81},
  year={2014},
  publisher={Science Signaling}
}
