@article{wu2012coordinate,
  title={The coordinate regulation of sensory afferent CNS targeting and CNS longitudinal tract organization in Drosophila during neural development},
  author={Wu, Zhuhao and Andreone, Benjamin J and Kolodkin, Alex L},
  journal={Journal of the Peripheral Nervous System},
  volume={17},
  number={s3},
  pages={34--37},
  year={2012},
  publisher={Wiley Online Library}
}
