@article{wu2011combinatorial,
  title={A Combinatorial Semaphorin Code Instructs the Initial Steps of Sensory Circuit Assembly in the< i> Drosophila</i> CNS},
  author={Wu, Zhuhao and Sweeney, Lora B and Ayoob, Joseph C and Chak, Kayam and Andreone, Benjamin J and Ohyama, Tomoko and Kerr, Rex and Luo, Liqun and Zlatic, Marta and Kolodkin, Alex L},
  journal={Neuron},
  volume={70},
  number={2},
  pages={281--298},
  year={2011},
  publisher={Elsevier}
}
