@article{wu2010requirement,
  title={Requirement of cannabinoid CB1 receptors in cortical pyramidal neurons for appropriate development of corticothalamic and thalamocortical projections},
  author={Wu, Chia-Shan and Zhu, Jie and Wager-Miller, Jim and Wang, Shan and Oâ€™Leary, Dennis and Monory, Krisztina and Lutz, Beat and Mackie, Ken and Lu, Hui-Chen},
  journal={European Journal of Neuroscience},
  volume={32},
  number={5},
  pages={693--706},
  year={2010},
  publisher={Wiley Online Library}
}
