@article{xue1999ultrastructural,
  title={Ultrastructural observations on the expression of axonin-1: Implications for the fasciculation of sensory axons during axonal outgrowth into the chick hindlimb},
  author={Xue, Yi and Honig, Marcia G},
  journal={Journal of Comparative Neurology},
  volume={408},
  number={3},
  pages={299--317},
  year={1999},
  publisher={Wiley Online Library}
}
