@article{yagi2008clustered,
  title={Clustered protocadherin family},
  author={Yagi, Takeshi},
  journal={Development, growth \& differentiation},
  volume={50},
  number={s1},
  pages={S131--S140},
  year={2008},
  publisher={Wiley Online Library}
}
