@article{yamatani2004chronotopic,
  title={Chronotopic organization of olfactory bulb axons in the lateral olfactory tract},
  author={Yamatani, Hitoshi and Sato, Yasufumi and Fujisawa, Hajime and Hirata, Tatsumi},
  journal={Journal of Comparative Neurology},
  volume={475},
  number={2},
  pages={247--260},
  year={2004},
  publisher={Wiley Online Library}
}
