@article{yates2001topographic,
  title={Topographic-specific axon branching controlled by ephrin-As is the critical event in retinotectal map development},
  author={Yates, Paul A and Roskies, Adina L and McLaughlin, Todd and O'Leary, Dennis DM},
  journal={The Journal of Neuroscience},
  volume={21},
  number={21},
  pages={8548--8563},
  year={2001},
  publisher={Soc Neuroscience}
}
