@article{yates2004computational,
  title={Computational modeling of retinotopic map development to define contributions of EphA-ephrinA gradients, axon-axon interactions, and patterned activity},
  author={Yates, Paul A and Holub, Alex D and McLaughlin, Todd and Sejnowski, Terrence J and O'Leary, Dennis DM},
  journal={Journal of neurobiology},
  volume={59},
  number={1},
  pages={95--113},
  year={2004},
  publisher={Wiley Online Library}
}
