@article{yoo2016agenesis,
  title={Agenesis of the corpus callosum in Nogo receptor deficient mice},
  author={Yoo, Seung-Wan and Motari, Mary G and Schnaar, Ronald L},
  journal={Journal of Comparative Neurology},
  year={2016},
  publisher={Wiley Online Library}
}
