@article{young2013ten,
  title={Ten-m2 is required for the generation of binocular visual circuits},
  author={Young, Timothy R and Bourke, Michael and Zhou, Xiaohong and Oohashi, Toshitaka and Sawatari, Atomu and F{\"a}ssler, Reinhard and Leamey, Catherine A},
  journal={The Journal of Neuroscience},
  volume={33},
  number={30},
  pages={12490--12509},
  year={2013},
  publisher={Soc Neuroscience}
}
