@article{young1983frequency,
  title={Frequency-specific projections of individual neurons in chick brainstem auditory nuclei},
  author={Young, STEVEN R and Rubel, EDWIN W},
  journal={The Journal of Neuroscience},
  volume={3},
  number={7},
  pages={1373--1378},
  year={1983},
  publisher={Soc Neuroscience}
}
