@article{timothy2001dynamic,
  title={Dynamic regulation of axon guidance},
  author={Timothy, W Yu and Bargmann, Cornelia I},
  journal={nature neuroscience},
  volume={4},
  pages={1169--1176},
  year={2001},
  publisher={Nature Publishing Group}
}
