@article{yu2004spontaneous,
  title={Spontaneous neural activity is required for the establishment and maintenance of the olfactory sensory map},
  author={Yu, C Ron and Power, Jennifer and Barnea, Gilad and O'Donnell, Sean and Brown, Hannah EV and Osborne, Joseph and Axel, Richard and Gogos, Joseph A},
  journal={Neuron},
  volume={42},
  number={4},
  pages={553--566},
  year={2004},
  publisher={Elsevier}
}
