@article{zhang2000gap,
  title={GAP-43 mediates retinal axon interaction with lateral diencephalon cells during optic tract formation},
  author={Zhang, Fan and Lu, Cynthia and Severin, Christophe and Sretavan, David W},
  journal={Development},
  volume={127},
  number={5},
  pages={969--980},
  year={2000},
  publisher={The Company of Biologists Ltd}
}
