@article{zhang2010astrocyte,
  title={Astrocyte heterogeneity: an underappreciated topic in neurobiology},
  author={Zhang, Ye and Barres, Ben A},
  journal={Current opinion in neurobiology},
  volume={20},
  number={5},
  pages={588--594},
  year={2010},
  publisher={Elsevier}
}
