@article{zhang2001electrical,
  title={Electrical activity and development of neural circuits},
  author={Zhang, Li I and Poo, Mu-ming},
  journal={Nature Neuroscience},
  volume={4},
  pages={1207--1214},
  year={2001},
  publisher={Nature Publishing Group}
}
