@article{zhao2011molecular,
  title={A molecular mechanism that regulates medially oriented axonal growth of upper layer neurons in the developing neocortex},
  author={Zhao, Hong and Maruyama, Takuro and Hattori, Yuki and Sugo, Noriyuki and Takamatsu, Hyota and Kumanogoh, Atsushi and Shirasaki, Ryuichi and Yamamoto, Nobuhiko},
  journal={Journal of Comparative Neurology},
  volume={519},
  number={5},
  pages={834--848},
  year={2011},
  publisher={Wiley Online Library}
}
