@article{zhou1998serotonin,
  title={Serotonin transporters are located on the axons beyond the synaptic junctions: anatomical and functional evidence},
  author={Zhou, Feng C and Tao-Cheng, Jung-Hwa and Segu, Louis and Patel, Tushar and Wang, Yun},
  journal={Brain research},
  volume={805},
  number={1},
  pages={241--254},
  year={1998},
  publisher={Elsevier}
}
