@article{zhou2013axon,
  title={Axon position within the corpus callosum determines contralateral cortical projection},
  author={Zhou, Jing and Wen, Yunqing and She, Liang and Sui, Ya-nan and Liu, Lu and Richards, Linda J and Poo, Mu-ming},
  journal={Proceedings of the National Academy of Sciences},
  volume={110},
  number={29},
  pages={E2714--E2723},
  year={2013},
  publisher={National Acad Sciences}
}
