@article{zhuang2005targeted,
  title={Targeted gene expression in dopamine and serotonin neurons of the mouse brain},
  author={Zhuang, Xiaoxi and Masson, Justine and Gingrich, Jay A and Rayport, Stephen and Hen, Ren{\'e}},
  journal={Journal of neuroscience methods},
  volume={143},
  number={1},
  pages={27--32},
  year={2005},
  publisher={Elsevier}
}
