@article{zipursky2010chemoaffinity,
  title={Chemoaffinity revisited: dscams, protocadherins, and neural circuit assembly},
  author={Zipursky, S Lawrence and Sanes, Joshua R},
  journal={Cell},
  volume={143},
  number={3},
  pages={343--353},
  year={2010},
  publisher={Elsevier}
}
