@article{zlatic2009positional,
  title={Positional cues in the Drosophila nerve cord: semaphorins pattern the dorso-ventral axis},
  author={Zlatic, Marta and Li, Feng and Strigini, Maura and Grueber, Wesley and Bate, Michael},
  journal={PLoS biology},
  volume={7},
  number={6},
  pages={e1000135},
  year={2009},
  publisher={Public Library of Science}
}
