@article{zlatic2003genetic,
  title={Genetic specification of axonal arbors: atonal regulates robo3 to position terminal branches in the Drosophila nervous system},
  author={Zlatic, Marta and Landgraf, Matthias and Bate, Michael},
  journal={Neuron},
  volume={37},
  number={1},
  pages={41--51},
  year={2003},
  publisher={Elsevier}
}
