@article{zuchero2015glia,
  title={Glia in mammalian development and disease},
  author={Zuchero, J Bradley and Barres, Ben A},
  journal={Development},
  volume={142},
  number={22},
  pages={3805--3809},
  year={2015},
  publisher={Oxford University Press for The Company of Biologists Limited}
}
